3375 4043
1496 224 1567 283 21

478 356 539 405 ab
581 351 883 404 Archidamo
926 352 1436 404 Lacedaemoniorum
1479 370 1592 421 rege
1622 355 1737 419 (⁸⁰),
1795 362 2051 421 postremo
2101 349 2389 420 Philippum
2431 367 2600 420 regem

477 449 666 489 certum
708 456 1000 507 sponsorem
1038 448 1182 487 nacta
1224 438 1319 486 sibi
1338 435 1617 488 ,videbatur
1635 440 1752 505 (³¹);
1798 452 1966 505 neque
2009 434 2167 484 aliena
2207 434 2283 483 his
2319 449 2420 485 erat
2452 439 2598 487 unius

474 519 668 592 imperii
702 527 933 593 cogitatio
953 523 1070 587 (⁸²).
1142 520 1247 570 Alii
1280 523 1367 590 qui
1397 520 1546 572 iidem
1579 523 1835 611 pleb*
1859 530 2158 590 potestatem
2191 520 2592 587 aspernabantur,

472 610 565 675 ipsi
600 608 959 677 rempublicam
994 604 1425 675 administrandam
1458 610 1703 676 suscipere
1729 606 2015 665 studebant,
2054 604 2106 654 id
2137 603 2273 671 quod
2304 621 2366 653 eo
2395 608 2598 653 assecuti

473 704 604 757 sunt,
642 705 700 744 ut
732 693 1075 761 largitionibus
1110 703 1160 741 et
1193 693 1594 743 attributionibus
1629 710 1688 743 ex
1715 695 1908 743 aerario
1938 689 2159 740 desidem
2188 689 2407 739 facerent
2433 707 2596 758 popu-

471 779 578 829 lum
620 776 982 841 etjimbellem.
1055 778 1210 830 Erant
1249 780 1381 828 euim
1423 777 1477 827 hi
1512 781 1718 829 maxima
1757 794 1872 847 pars
1908 775 2141 837 divitum,
2189 777 2303 844 qui,
2343 791 2456 823 cum
2491 772 2599 821 fieri

474 864 749 929 oporteret,
787 871 844 912 ut
875 860 1142 929 plurimum
1177 860 1459 913 detrimenti
1494 881 1521 914 e
1556 862 1703 914 bellis
1738 864 2038 930 acciperent,
2084 876 2259 929 pacem
2296 873 2598 927 quocunque

473 944 627 996 modo
661 958 863 1016 possent
896 965 1186 998 conservare
1219 947 1500 997 studebant.
1572 947 1662 997 Uti
1697 950 1845 1014 igitur
1875 959 2048 1017 pacata
2082 948 2350 1017 quietaque
2387 941 2599 995 Graecia

471 1045 708 1094 maneret,
748 1036 967 1102 utrisque
1002 1031 1300 1083 studendum
1336 1050 1442 1082 esse
1474 1030 1764 1092 videbatur,
1803 1036 1878 1080 uti
1911 1051 1998 1082 rex
2030 1031 2291 1082 Persarum
2325 1049 2354 1079 a
2388 1029 2595 1079 Graecis

470 1118 609 1167 bello
643 1128 968 1186 premeretur,
1007 1117 1189 1166 horum
1224 1118 1385 1165 minus
1418 1118 1652 1165 intererat
1686 1132 1836 1183 quam
1871 1116 2091 1170 illorum,
2130 1119 2224 1164 nisi
2252 1116 2381 1164 forte
2406 1115 2593 1163 leviore

472 1219 624 1271 opera
659 1204 864 1252 civitatis
899 1201 1038 1250 frena
1071 1211 1294 1250 recturos
1328 1216 1381 1250 se
1415 1201 1696 1269 sperabant,
1736 1197 1869 1248 haud
1903 1201 2074 1268 exigua
2104 1198 2427 1248 multitudinis
2451 1208 2593 1266 parte

470 1283 703 1354 stipendii
744 1300 887 1334 causa
926 1284 1106 1352 procul
1146 1302 1174 1333 a
1217 1286 1372 1354 patria
1417 1286 1543 1335 intra
1590 1284 1856 1354 opulentos
1897 1285 2042 1334 Asiae
2084 1283 2208 1333 fines
2244 1283 2453 1352 degente
2473 1284 2590 1347 (⁸³).

470 1369 540 1418 At
572 1367 706 1417 haud
743 1368 968 1427 arbitrer,
1014 1378 1117 1417 tam
1151 1368 1300 1436 longe
1335 1367 1429 1417 hos
1463 1367 1788 1436 praevidisse3
1834 1367 2028 1417 nullum
2063 1370 2196 1417 enim
2230 1367 2378 1416 huius
2412 1367 2486 1414 rei
2522 1367 2595 1412 in·

470 1454 654 1503 dicium
697 1455 897 1502 invenio
939 1470 1104 1520 neque
1146 1452 1278 1521 apud
1320 1455 1586 1521 scriptores
1617 1470 1783 1502 rerum
1822 1470 1987 1520 neque
2021 1452 2155 1520 apud
2191 1455 2353 1520 ipsum
2390 1449 2595 1499 Aeschi-

468 1556 600 1587 nem.
672 1539 896 1605 Apparet
937 1549 1129 1597 tamen,
1176 1539 1263 1584 has
1307 1549 1470 1607 partes
1513 1556 1618 1586 non
1660 1538 1955 1587 adversarias
1998 1539 2092 1585 sibi
2126 1554 2231 1584 esse
2267 1548 2351 1586 aut
2378 1538 2596 1583 instituta

467 1624 683 1674 turbare.
790 1618 1003 1687 Reliqua
1039 1631 1113 1670 est
1144 1620 1323 1688 populi
1358 1621 1646 1671 multitudo·
1736 1620 1879 1685 Quae
1914 1624 2103 1672 iuribus
2139 1624 2237 1670 suis
2270 1633 2320 1670 et
2355 1620 2594 1668 iudiciali-

467 1706 562 1755 bus
597 1714 649 1755 et
680 1703 918 1772 legalibus
953 1703 1097 1766 elata,
1137 1706 1359 1754 omnium
1391 1721 1555 1755 rerum
1592 1720 1738 1774 egens
1773 1716 1824 1757 et
1855 1708 1929 1757 sui
1958 1704 2208 1756 commodi
2237 1704 2434 1774 cupida,
2476 1720 2591 1753 cum

469 1788 595 1839 duce
631 1805 755 1856 opus
789 1798 916 1838 esset
930 1823 942 1847 ,
989 1788 1078 1853 qui
1113 1786 1459 1837 emolumentis
1501 1790 1600 1836 suis
1638 1789 1894 1838 consulere
1928 1789 2197 1845 videretur,
2245 1805 2362 1838 mox
2397 1787 2587 1838 Demo·

468 1872 691 1925 sthenem
734 1881 985 1921 oratorem
1025 1880 1278 1938 tamquam
1321 1870 1576 1921 tribunum
1617 1869 1781 1939 plebis
1820 1880 1985 1920 secuta
2031 1881 2121 1920 est.
2196 1870 2291 1921 Hie
2330 1872 2460 1920 enim
2495 1881 2593 1919 tam

466 1961 597 2010 bene
632 1975 829 2008 sensum
862 1954 1257 2015 Atheniensium,
1304 1966 1479 2023 utpote
1515 1957 1602 2023 qui
1634 1957 1741 2023 ipse
1777 1967 1904 2006 esset
1938 1968 2073 2006 totus
2106 1954 2441 2016 Atheniensis,
2481 1974 2592 2024 per-

468 2044 725 2112 spiciebat,
764 2052 820 2090 ut
853 2052 956 2090 arte
991 2057 1077 2088 sua
1112 2037 1309 2088 dicendi
1341 2038 1766 2106 vehementissima
1792 2039 1970 2107 populi
1997 2040 2224 2107 suffragia
2253 2043 2306 2088 in
2333 2057 2470 2089 suam
2494 2044 2590 2088 rei-

466 2127 697 2197 publicae
739 2123 980 2194 gerendae
1014 2126 1257 2173 rationem
1290 2123 1592 2173 transferret.
1665 2122 1813 2173 Haud
1849 2127 2003 2173 rarius
2047 2127 2101 2174 in
2137 2127 2443 2175 orationibus
2481 2137 2593 2175 ante

467 2211 712 2281 populum
746 2209 999 2278 gloriatur,
1040 2225 1091 2259 se
1128 2224 1233 2259 esse
1265 2219 1484 2258 tutorem
1510 2225 1803 2277 pauperum,
1844 2226 2068 2277 magnam
2096 2226 2147 2259 se
2177 2207 2456 2259 divitiarum
2481 2228 2592 2278 par-

467 2307 571 2346 tem
603 2296 656 2344 in
690 2292 868 2362 populi
902 2292 1109 2343 salutem
1141 2291 1457 2362 impendisse,
1506 2294 1559 2341 in
1594 2291 1774 2353 choros
1810 2291 2083 2355 ducendOS,
2123 2297 2174 2343 in
2208 2296 2338 2344 cives
2377 2312 2403 2343 e
2440 2297 2592 2363 capti-

467 2383 617 2432 vitate
660 2376 999 2440 redimendos,
1047 2380 1100 2427 in
1145 2394 1313 2428 muros
1345 2376 1665 2428 exstruendos
1700 2376 1917 2447 aliasque
1953 2395 2031 2429 res
2050 2380 2164 2445 (⁸⁴).
2240 2378 2400 2447 Saepe
2434 2378 2592 2428 Athe-

524 2532 601 2589 (00)
644 2546 706 2589 ep.
735 2532 792 2572 IX
820 2532 869 2573 ad
895 2531 1059 2573 Archid.
1181 2534 1183 2536 ’
1209 2530 1285 2588 (⁸¹)
1329 2546 1390 2573 or.
1420 2531 1469 2572 ad
1496 2531 1596 2572 Phil.
1625 2532 1734 2572 c.16.
1765 2532 1817 2572 cf.
1847 2546 1909 2589 ep.
1928 2532 1990 2571 ΠΙ
2015 2533 2063 2572 ad
2091 2532 2191 2571 Phil.
2222 2532 2315 2585 (Π).

524 2605 600 2661 (⁸²)
642 2607 763 2647 Isocr.
792 2605 980 2646 Nicocles
1010 2606 1092 2647 c-5.
1151 2605 1328 2646 Tradunt
1354 2605 1666 2647 Ps-Plutarchus
1701 2613 1741 2645 et
1775 2605 1934 2646 Pausan.
1954 2605 1986 2644 1.
2002 2604 2121 2656 18‚'7‚
2156 2605 2373 2646 Isocratem
2402 2606 2512 2646 clade
2542 2607 2591 2645 ad

470 2673 738 2717 Chaeroneam
765 2680 924 2728 accepta
951 2673 1058 2714 ultro
1086 2672 1205 2715 vitam
1232 2672 1333 2714 fame
1361 2671 1544 2724 finivisse,
1571 2687 1620 2713 ne
1646 2671 1885 2727 reipublicae
1914 2671 2096 2714 libertate
2117 2672 2291 2727 privatae
2312 2681 2507 2728 superstes
2528 2688 2590 2714 es-

469 2749 539 2783 set.
598 2740 719 2792 Quod
747 2739 818 2781 etsi
846 2753 982 2781 verum
1011 2748 1084 2793 est,
1119 2748 1250 2781 tamen
1278 2753 1501 2795 persuasum
1529 2739 1665 2789 habeo,
1692 2752 1838 2790 senem,
1868 2739 1900 2780 si
1930 2740 2231 2794 exspectavisset
2260 2734 2358 2794 quae
2386 2740 2588 2795 Philippus

468 2823 537 2850 rex
564 2822 638 2864 pro
669 2807 872 2849 clementia
899 2820 964 2847 sua
993 2806 1043 2847 de
1072 2805 1217 2849 Athen.
1246 2806 1448 2862 republica
1476 2806 1693 2856 constituit,
1731 2821 1812 2847 non
1846 2807 1962 2847 nimis
1991 2807 2144 2848 anxium
2173 2815 2445 2862 perrecturum
2474 2807 2588 2847 fuisse

468 2877 618 2926 vivere,
644 2876 676 2917 si
704 2875 816 2916 aliter
842 2874 911 2914 Dii
939 2874 1103 2928 propitii
1133 2875 1184 2925 ei,
1213 2874 1280 2928 qui
1307 2889 1434 2929 prope
1464 2874 1700 2916 centenarius
1731 2882 1828 2925 erat,
1856 2875 1978 2915 maius
2006 2875 2123 2915 etiam
2141 2884 2295 2929 tempus
2314 2875 2470 2915 vivendi
2490 2889 2587 2914 con·

469 2944 613 2985 cedere
641 2943 799 2984 vellent.
855 2940 910 2981 At
936 2949 1061 2982 metus
1088 2940 1386 2982 Atheniensium
1414 2950 1504 2996 post
1532 2941 1722 2981 Chaeron.
1752 2955 1923 2997 pugnam
1951 2942 2089 2998 ingens
2119 2950 2214 2994 erat,
2243 2941 2470 2996 praesertim
2499 2955 2588 2981 cum

467 3009 668 3065 Philippus
697 3010 754 3049 ira
781 3009 958 3049 incensus
988 3007 1266 3049 Thebanorum
1294 3008 1482 3062 perfidiae
1511 3022 1681 3064 magnam
1710 3007 1923 3049 vindictam
1952 3023 2106 3050 sumere
2134 3008 2351 3049 moliretur.

523 3086 600 3141 (⁸³)
641 3079 766 3131 Isoc'r.
795 3088 843 3129 ad
871 3087 971 3128 Phil.
1002 3102 1060 3129 or.
1090 3087 1190 3128 050
1219 3094 1259 3129 et
1287 3087 1399 3129 055.
1719 3121 1725 3130 ,
2294 3123 2297 3126 ,

469 3155 630 3273 41531
633 3159 809 3272 ἐηᾶῗίιά
838 3158 980 3215 p.547.
1009 3159 1153 3215 p.565.
1182 3175 1222 3200 π.
1252 3175 1417 3217 παραπρ.
1448 3160 1574 3215 p.353
1594 3159 1708 3209 med.⁹
1737 3159 1868 3213 p.393
1889 3161 1972 3203 init.
2002 3161 2211 3215 praecipue
2242 3160 2371 3215 p.394
2387 3175 2470 3214 sqq.
2491 3159 2582 3200 410.
