3375 4043
1831 211 1904 270 12

797 344 901 394 fere
936 344 1078 394 annis
1110 353 1231 414 post
1263 345 1317 395 in
1350 360 1516 414 pugna
1549 341 1612 394 ad
1640 342 1945 394 Mantineam
1977 341 2163 395 fortem
2195 360 2250 396 se
2283 345 2431 415 gessit
2457 342 2545 397 01.
2573 347 2689 399 104.
2712 344 2933 414 acm.)

796 429 1034 479 vicesimo
1077 440 1220 480 sexto
1261 431 1432 480 aetatis
1472 445 1603 479 anno
1644 437 1920 478 transacm..
1956 427 2039 479 ‘In
2070 429 2282 481 Euboea
2324 427 2511 482 deinde
2538 429 2938 500 expeditionibus

796 514 1024 564 interfuit
1051 516 1176 581 (³⁸);
1216 531 1425 583 quarum
1458 532 1572 564 cum
1608 511 1728 563 duas
1765 523 1880 563 ante
1909 513 2257 565 Timarcheam
2292 518 2569 567 orationem
2603 513 2756 566 factas
2782 534 2937 569 nove-

797 600 973 661 rimus,
994 601 1195 669 utrique
1211 597 1509 650 Aeschinem
1525 596 1803 649 interfuisse
1822 606 2037 649 statuere
2053 596 2191 662 licet,
2215 598 2359 651 alteri
2371 598 2466 652 01.
2486 598 2601 652 105.
2615 599 2648 651 3
2667 599 2814 666 (358)
2828 601 2940 666 (³⁹),

802 701 906 754 quo
930 695 1158 755 tempore
1177 682 1443 755 Philippus
1461 681 1791 754 Amphipolin
1814 681 1957 753 bello
1980 685 2161 753 pressit
2184 683 2302 749 (⁴⁰),
2339 683 2619 736 Aeschines.
2637 687 2940 735 tricesimum

801 772 973 821 aetatis
1014 786 1199 823 annum
1238 779 1539 831 excesserat3
1587 769 1729 818 alteri
1767 767 2028 827 Phocione
2072 766 2203 818 duce
2242 768 2402 818 factae
2437 767 2525 819 01.
2557 771 2667 822 107.
2699 788 2745 819 a.
2773 773 2936 841 primo

801 854 950 921 (351)
977 854 1090 919 (⁴¹).
1144 854 1207 904 In
1243 869 1341 922 qua
1375 869 1489 903 cum
1523 853 1766 903 exercitus
1796 850 2176 903 Atheniensium
2209 853 2385 921 iniquo
2420 852 2539 904 loco
2573 854 2791 906 inclusus
2819 854 2938 906 Plu·

799 939 956 989 tarchi
981 939 1205 988 Eretriae
1232 939 1429 1008 tyranni
1456 937 1747 1008 proditione
1777 937 1840 987 ad
1861 938 2110 1010 Tamynas
2139 940 2193 988 in
2219 945 2468 988 summum
2492 938 2771 1007 perieulum
2798 939 2940 991 datus

800 1033 951 1073 esset:
997 1024 1241 1075 universis
1274 1022 1656 1086 Atheniensium
1688 1023 1929 1074 militibus
1962 1023 2229 1073 fortissime
2259 1023 2593 1091 pugnantibus
2606 1058 2621 1084 ‚
2667 1022 2940 1073 Aeschines

800 1110 931 1158 inter
964 1105 1187 1158 delectos
1219 1109 1404 1159 virtute
1438 1105 1567 1157 adeo
1603 1106 1853 1170 excelluit,
1898 1118 1956 1157 ut
1994 1124 2100 1157 non
2141 1106 2305 1157 solum
2338 1106 2477 1157 illico
2513 1125 2541 1156 a
2577 1105 2806 1169 ducibus,
2854 1108 2941 1157 sed

800 1203 1069 1263 postquam
1102 1194 1336 1241 nuntium
1371 1194 1606 1242 victoriae
1639 1191 1863 1240 Athenas
1898 1192 2079 1253 attulit,
2119 1202 2170 1241 et
2202 1190 2502 1241 Temenides
2533 1193 2691 1241 trihus
2723 1191 2939 1242 Pandio—

801 1276 931 1328 nidis
966 1280 1211 1340 centur-10,
1251 1279 1339 1346 qui
1372 1293 1486 1326 cum
1522 1292 1584 1325 eo
1618 1279 1792 1326 missus
1828 1287 1951 1339 erat,
1996 1279 2347 1347 praestantiam
2383 1280 2488 1325 eius
2523 1276 2802 1339 affirmavit,
2848 1281 2940 1325 ite·

802 1379 916 1413 rum
951 1379 977 1413 a
1012 1361 1208 1431 populo
1242 1376 1429 1413 corona
1462 1360 1796 1412 honoraretur
1832 1361 1948 1429 (⁴²).
2013 1361 2127 1412 Hoc
2166 1361 2424 1432 praeclaro
2460 1361 2681 1412 facinore
2716 1361 2942 1411 militiam

805 1464 944 1498 suam
975 1446 1192 1499 finivisse
1223 1445 1438 1499 videtur.
1493 1446 1616 1498 Erat
1648 1457 1769 1499 tunc
1802 1448 2001 1517 triginta
2036 1457 2226 1517 septem
2260 1462 2417 1498 annos
2451 1457 2612 1497 natus.

1809 1601 1860 1667 g.
1885 1600 1935 1648 6.

992 1702 1247 1771 Tempore
1279 1692 1562 1771 insequenti
1596 1700 1799 1751 demum
1830 1716 2040 1750 uxorem
2074 1697 2270 1749 duxisse
2302 1695 2516 1761 videtur,
2555 1700 2597 1750 si
2631 1697 2832 1767 quidem
2868 1712 2940 1751 at·

802 1786 1011 1839 tendere
1042 1786 1163 1835 licet
1191 1783 1244 1834 id
1280 1783 1418 1853 quod
1447 1782 1714 1833 Aeschines
1747 1781 1900 1832 falsae
1932 1781 2191 1851 legationis
2226 1799 2339 1833 reus
2373 1799 2454 1833 an.
2476 1783 2577 1833 343
2611 1782 2798 1835 liberos
2825 1802 2941 1835 suos

806 1885 907 1925 tres
948 1870 1068 1921 dicit
1106 1867 1235 1919 ταυτὶ
1272 1865 1348 1929 μὲν
1382 1864 1443 1918 τὰ
1474 1864 1611 1941 μικρὰ
1647 1863 1822 1923 vuffa,
1868 1863 1945 1917 καὶ
1978 1862 2080 1918 τοὺς
2113 1861 2329 1919 κινῶἶνους
2364 1861 2485 1917 οὕτω
2520 1863 2739 1925 συνιέντα,
2782 1866 2943 1919 ἐλεεινὰ

808 2095 914 2150 quod
949 2091 1212 2134 Schneiderus
1247 2098 1387 2144 quarto
1421 2088 1507 2130 fere
1541 2096 1631 2130 ante
1665 2087 1974 2130 Mantineensem
2008 2102 2179 2145 pugnam
2215 2101 2319 2131 anno
2348 2089 2494 2144 posuit,
2526 2089 2672 2133 rectius
2700 2089 2863 2134 sortasse
2891 2092 2942 2133 ad

806 2161 961 2217 Ephori
986 2159 1215 2201 vicesimum
1243 2166 1421 2212 quarum
1448 2155 1592 2198 librum
1619 2155 1770 2198 referre
1797 2155 1872 2198 tihi
1901 2156 2071 2198 videare.
2114 2155 2629 2211 Vernmenimvero'potuit
2649 2156 2833 2212 Ephorus
2861 2158 2942 2210 illa,

809 2243 908 2286 quae
937 2236 1021 2269 acta
1048 2234 1137 2267 sunt
1164 2234 1252 2267 ante
1278 2224 1587 2272 Mantineensem
1614 2238 1783 2280 pugnam
1811 2222 1861 2264 ab
1889 2231 2063 2265 extremo
2092 2223 2178 2265 fere
2206 2223 2395 2266 vicesimo
2423 2224 2544 2266 tertio
2580 2223 2684 2266 libro
2714 2238 2787 2279 per
2813 2232 2942 2267 totum

807 2305 1050 2353 sequentem,
1085 2294 1251 2336 fortasse
1286 2293 1404 2335 etiam
1437 2292 1487 2333 ad
1521 2292 1675 2334 initium
1710 2291 1804 2332 libri
1840 2292 1966 2346 quinti
2001 2291 2218 2338 deducere:
2255 2289 2429 2348 quartam
2458 2292 2550 2334 dico
2577 2292 2871 2348 Epaminondae
2900 2292 2942 2333 in

806 2365 1125 2420 Peloponnesum
1152 2361 1409 2412 invasionem,
1437 2369 1479 2401 et
1505 2369 1594 2401 ante
1622 2360 1733 2411 hanc,
1762 2373 1862 2414 quae
1891 2358 2040 2400 duobus
2066 2359 2265 2400 Arcadum
2292 2368 2334 2400 et
2350 2359 2541 2401 Eleorum
2569 2359 2666 2401 belli
2692 2360 2800 2401 annis
2819 2374 2942 2414 pauca

807 2430 1118 2474 continebantur.
1159 2430 1333 2470 Ratione
1361 2429 1496 2468 harum
1523 2428 1696 2469 omnium
1723 2442 1858 2468 rerum
1886 2426 2015 2467 habita
2041 2427 2090 2468 ad
2118 2428 2246 2481 ipsum
2274 2426 2372 2468 illud
2398 2436 2552 2483 tempus
2580 2426 2646 2469 01.
2663 2427 2758 2469 103.
2774 2427 2814 2469 2.
2844 2443 2938 2481 per-

807 2500 946 2541 venire
973 2496 1070 2537 mihi
1094 2497 1247 2538 videor.
2112 2504 2115 2507 '

865 2576 943 2632 (ῃ)
985 2576 1128 2618 Aesch.
1157 2577 1183 2616 1.
1200 2592 1235 2617 c.
1263 2572 1328 2617 nai
1353 2574 1428 2619 τὰς
1453 2578 1509 2620 εἰς
1535 2568 1711 2621 Εὔβοιαν
1739 2569 1942 2631 στρατείας
1969 2569 2290 2632 ἔπρατευαᾶμην.

865 2656 944 2710 (³⁹)
986 2654 1109 2696 Diod.
1137 2653 1294 2694 XVL7.
1321 2654 1437 2695 Dem.
1466 2670 1501 2696 c.
1529 2654 1700 2697 Androt-
1728 2652 1875 2709 p.597.
1904 2652 2045 2695 Aesch.
2074 2654 2161 2697 adv.
2191 2652 2369 2709 Ctesiph-
2399 2654 2592 2708 p.65.42.

864 2735 944 2790 (⁴⁰)
984 2736 1102 2776 nem.
1133 2733 1297 2788 olynth.
1324 2734 1358 2773 1.
1386 2735 1501 2788 ΡΜ.

864 2814 943 2869 (“)
986 2815 1145 2868 Sequor
1163 2812 1434 2863 Seebeekium,
1454 2813 1520 2866 qui
1539 2814 1579 2854 in
1596 2814 1721 2855 annal.
1741 2812 1843 2855 sind.
1863 2812 1982 2866 antiq.
2001 2826 2036 2853 a.
2051 2812 2161 2855 1838
2180 2813 2222 2855 in
2241 2814 2571 2856 commentatione
2582 2813 2728 2855 critica
2746 2813 2798 2855 de
2816 2815 2942 2868 prima

807 2891 907 2924 orat.
927 2880 1101 2934 Philipp.
1132 2879 1225 2932 (cfr.
1245 2895 1351 2920 num.
1370 2878 1516 2920 39-42
1545 2894 1622 2933 quo
1651 2896 1754 2923 anno
1781 2887 1894 2920 natus
1921 2879 1973 2920 sit
1989 2878 2296 2933 Demosthenes)
2324 2880 2445 2922 evicit
2459 2880 2563 2921 hunc
2583 2893 2737 2921 annum.
2765 2880 2939 2922 Boeckh.
2966 2891 2968 2893 ’

810 2948 964 2991 Oecon.
983 2946 1077 2989 Ath.
1097 2946 1151 2987 11.
1171 2946 1317 3001 p.109.
1336 2945 1480 2988 n.369.
1510 2947 1676 2991 Weiske
1704 2947 1732 2990 l.
1748 2947 1775 2989 1.
1794 2945 1868 2988 ΠΙ.
1884 2943 1939 2987 15
1960 2951 2001 2988 et
2016 2945 2084 2988 35.
2114 2945 2282 2991 Goeller
2309 2946 2467 3004 proleg.
2508 2946 2667 3003 (progr.
2687 2945 2798 3002 Sept.
2817 2960 2937 2990 mens.

807 3031 842 3059 a.
873 3015 983 3059 1822
1013 3013 1179 3070 Colon.)
1216 3012 1322 3071 p.17
1357 3027 1461 3056 anno
1495 3014 1701 3058 voluerunt
1736 3022 1877 3071 quarto
1908 3012 2071 3056 01.106
2106 3014 2155 3056 ad
2183 3015 2377 3072 Tamynas
2405 3021 2618 3072 pugnatum
2647 3026 2743 3056 esse.
2773 3034 2828 3046 —
2867 3014 2937 3056 cfr.

807 3085 927 3126 etiam
954 3083 1158 3137 Dr0ysen:
1186 3075 1302 3122 Uber
1331 3082 1396 3122 die
1423 3073 1612 3122 Achtheit
1639 3085 1710 3124 der
1737 3081 1955 3122 Urkunden
1983 3082 2023 3121 in
2049 3081 2166 3122 Dem.
2193 3083 2307 3122 Rede
2334 3096 2428 3123 vom
2455 3081 2597 3121 Kranz.
2629 3082 2761 3135 p.160
2779 3097 2835 3135 sq.

864 3162 942 3218 (⁴⁸)
984 3161 1129 3203 Aesch.
1158 3177 1198 3217 p.
1208 3162 1261 3203 51
1283 3161 1368 3203 init.
1399 3162 1598 3204 decretum
1627 3164 1675 3206 de
1704 3163 1812 3205 hisee
1841 3160 1958 3202 rebus
1986 3161 2065 3216 legi
2094 3160 2217 3213 iubet,
2255 3168 2296 3202 et
2322 3159 2565 3204 Phocionem
2594 3161 2871 3216 imperatorem
2900 3170 2940 3202 et

811 3230 1097 3275 commilitones
1124 3237 1244 3274 testes
1271 3238 1476 3287 provocat.
