3375 4043
1514 238 1674 323 69¹

488 370 660 440 paui
680 369 801 438 etp.
821 368 921 418 103.
936 366 1011 418 ‘ad
1033 367 1586 435 Aeschinemeimque.
1601 367 1791 418 ¹similes
1819 366 1992 435 (velim
2014 370 2177 435 ipsum
2199 370 2477 437 Eubulum)
2500 386 2614 439 spe-

489 466 637 519 ctum
633 465 810 505 tamen
830 456 981 507 nullia
997 456 1171 506 verbi·
1190 455 1412 521 apertius
1436 450 1670 500 describit
1684 453 1982 501 Aeschinem
2007 454 2212 521 eiusque
2236 472 2428 503 causam
2453 473 2612 528 nupe-

486 554 597 591 rum
627 555 794 609 qnam
792 539 889 593 his
920 542 1006 610 (p.
1005 538 1161 603 195).·
1196 532 1245 586 π’
1273 536 1379 585 ποτ’
1398 533 1475 585 οὖν
1509 535 1677 589 ἐκείνως
1709 540 1800 590 τοῖς
1832 534 1986 588 ἄλλοις
2020 535 2095 586 καὶ
2129 538 2177 586 οὐ
2206 534 2278 585 τὸν
2302 537 2429 587 αὐτὸν
2452 536 2608 612 τρόπον

441 652 451 661 ·
486 624 598 686 ὑμῖν.
619 621 933 697 προςφῳιτα
919 619 1285 690 (Philippus);
1333 613 1399 672 ὅτι
1434 621 1483 671 ἐν
1526 615 1631 687 μόνη
1665 622 1750 674 τῶν
1786 622 1947 674 πασῶν
1984 618 2150 672 πόλεων
2185 622 2237 688 τῇ
2272 618 2463 695 ὑμετέρᾳ
2496 619 2615 674 ἄδεια

487 728 610 783 ung
624 710 725 762 551·
736 706 948 778 ῦῃᾶριῖι
972 699 1115 765 mov
1150 700 1341 762 δέδοται,
1376 702 1452 756 καὶ
1483 698 1691 759 λαβόντα
1724 701 1932 778 χρημαὸ
1957 702 2084 756 αὐτὸν
2120 702 2327 772 ἀσφαλές
2354 707 2453 757 ἐστι
2476 702 2615 767 λέγειν

488 797 613 868 παρ’.
610 797 756 855 εὖροι-ς-
779 783 866 846 xciv
900 786 1161 864 ἀφῃρημένοι
1194 785 1256 840 τὰ
1285 786 1479 863 ὑμέτερα
1510 790 1650 840 αὐτῶν
1684 811 1759 849 ητε
1789 788 2095 857 (Phocenses
2119 809 2299 861 nempe
2322 790 2400 842 his
2420 793 2612 860 tangit).

595 921 600 923 ,
672 875 888 928 Perinde
914 877 1066 931 altera
1091 875 1238 927 huius
1264 879 1382 928 anni
1409 879 1651 935 oratione,
1682 879 1827 926 tertia
1852 875 2150 946 Philippica,
2184 880 2311 928 circa
2340 876 2474 927 idem
2504 896 2616 927 cum

488 964 575 1013 illa
607 965 831 1029 oratioue
866 973 1062 1032 tempus
1087 962 1264 1012 'habita
1282 962 1414 1028 (²⁴³).
1429 964 1602 1031 primo
1631 961 1835 1031 quidem
1860 961 2165 1014 adversarios
2195 966 2381 1014 cautius
2407 966 2614 1013 insecta-

485 1061 566 1100 tur
598 1048 733 1116 (244).
794 1047 1124 1105 Vehementer
1175 1046 1423 1100 desiderat
1476 1059 1668 1119 tempus
1724 1049 2111 1120 praeterlapsum
2124 1088 2137 1112 ‚
2198 1068 2300 1120 quo
2357 1052 2610 1101 communi

489 1135 606 1186 odio
631 1138 867 1186 ¹omnium
897 1134 1178 1204 ultimoque
1219 1134 1468 1204 supplicio
1511 1137 1760 1203 persecuti
1794 1146 1956 1184 essent
1990 1152 2076 1184 eos
2089 1173 2102 1196 ,
2151 1138 2237 1203 qui
2270 1135 2551 1203 largitiones
2588 1153 2614 1184 a

488 1221 837 1272 dominationis
869 1218 1061 1290 cupidis
1096 1218 1417 1290 accepissent,
1459 1237 1661 1289 quoque
1697 1237 1791 1270 nec
1825 1219 2110 1289 deprecatio
2143 1238 2235 1270 nec
2270 1224 2410 1271 venia
2445 1220 2614 1269 locum

487 1306 738 1356 habuisset
761 1306 864 1374 ·(p.
890 1307 987 1355 120
1016 1304 1106 1355 fin.
1155 1304 1230 1354 καὶ
1263 1302 1524 1378 παραίτησις
1559 1302 1734 1367 οὐδεμία
1767 1299 1815 1363 ἦν
1852 1301 1945 1355 013ae
1979 1300 2261 1373 συγγνώμη).
2341 1305 2612 1374 Comparat

473 1406 717 1459 apraesens
744 1400 939 1457 tempus
968 1406 1023 1457 p.
1040 1390 1132 1439 121
1159 1391 1251 1441 in.:
1292 1391 1362 1440 νῦν
1394 1387 1438 1440 δ’
1468 1384 1652 1459 ἅπανθ’.
1680 1383 1817 1463 ὥςπερ
1852 1391 1905 1458 ἐξ
1939 1390 2104 1463 ἀγορᾶς
2136 1387 2413 1463 ἐκπέπραται
2446 1391 2614 1445 ταῦτα,

488 1474 756 1533 ἀντειςῆιιται
796 1469 841 1523 ἃ
881 1470 975 1523 ἀντὶ
1014 1467 1202 1530 τούτων,
1243 1474 1327 1539 ὑφ’
1366 1469 1422 1523 ιῖν
1459 1467 1673 1523 ἀπόλωλε
1716 1471 1791 1523 καὶ
1832 1469 2051 1531 νενόσηκεν
2094 1476 2118 1531 ἦ
2158 1469 2341 1526 Ἑλλάς.
2391 1475 2536 1524 rafim
2570 1470 2614 1523 δ’

486 1557 582 1610 ἐστὶ
603 1557 670 1616 τίς
705 1557 857 1619 ζῆλος,
892 1553 940 1606 αἶ’
961 1577 1028 1609 τις
1061 1554 1216 1623 εἴληφέ
1242 1578 1304 1608 τι·
1339 1554 1506 1618 γέλως,
1540 1550 1591 1608 ἂν
1616 1558 1829 1624 ὁμολογῇ·
1866 1552 2133 1625 [συγγνώμη
2156 1561 2247 1611 τοῖς
2268 1555 2576 1622 ἐλεγχομένοις
2586 1562 2616 1625 ]

488 1650 636 1707 μῖσος,
677 1637 728 1692 ἂν
763 1637 929 1694 τούτοις
962 1662 1028 1694 τις
1060 1643 1254 1706 ἐπιτιμᾷ.
1315 1643 1452 1693 Haec
1488 1655 1705 1693 extrema
1742 1645 1893 1694 verba
1930 1647 2052 1713 quin
2093 1647 2145 1693 in
2181 1663 2374 1694 causam
2409 1644 2613 1693 Aeschi-

488 1735 564 1781 nis
598 1729 729 1779 dicta
767 1730 887 1790 sint,
932 1745 1038 1777 non
1072 1727 1399 1778 dubitandum
1433 1728 1655 1792 videtur3
1703 1740 1753 1778 et
1794 1731 1900 1799 ipsa
1936 1740 2223 1798 argumento
2260 1747 2364 1779 esse
2398 1732 2609 1799 possint,

488 1815 836 1884 deprecatione
868 1813 1058 1863 Eubuli
1101 1816 1172 1878 (et
1206 1817 1494 1864 auctoritate
1525 1813 1816 1880 Phocionis)
1857 1818 2052 1865 veniam
2087 1814 2322 1865 Aeschini
2356 1834 2384 1865 a
2417 1815 2611 1884 populo

489 1899 651 1950 datam
687 1915 791 1948 esse
819 1897 954 1964 (²⁴⁴).
1011 1895 1061 1945 A
1086 1895 1247 1945 media
1280 1894 1463 1946 deinde
1489 1914 1544 1965 p.
1564 1898 1660 1945 124
1687 1897 1841 1946 fusius
1866 1909 1925 1946 ut
1951 1910 2118 1947 caveat
2144 1899 2365 1966 populus
2392 1916 2479 1948 eos
2507 1916 2612 1948 mo·

488 1996 591 2045 net,
625 1986 712 2053 qui
728 1999 823 2052 pro
841 1981 1079 2051 Philippo
1105 1981 1432 2049 loquerentur
1457 1981 1604 2046 (nihil
1628 1979 1749 2029 dicit
1764 1984 1984 2077 pecunia
2009 1986 2293 2051 corruptos)
2310 1982 2614 2033 blandiendo

487 2069 667 2138 populi
701 2069 917 2119 auribus.
980 2066 1121 2115 Alios
1158 2068 1289 2115 enim
1322 2081 1550 2126 censere,
1596 2067 1858 2133 pecuniam
1895 2064 2166 2133 cogendam
2203 2083 2333 2129 esse,
2380 2058 2474 2121 hos
2511 2086 2615 2119 non

487 2219 618 2283 γάρτοι
652 2217 793 2263 τούτων
827 2215 892 2269 μὲν
929 2220 970 2261 ἐκ
1007 2236 1177 2275 πτωχων
1206 2215 1290 2283 ἔρισι
1318 2235 1430 2274 ταχυ
1459 2215 1633 2260 πλούσιοι
1662 2216 1858 2273 «γίγνονται
1887 2236 1952 2260 και
1980 2219 2028 2277 ἐξ
2056 2216 2257 2268 ανωνύμων
2285 2238 2348 2262 και
2377 2218 2579 2278 ἆδόξων”
2557 2239 2614 2263 εν-

489 2291 595 2349 δοξοι
623 2286 686 2331 καὶ
716 2285 888 2348 γνώριμοι
916 2307 951 2330 κ.
966 2306 1000 2329 τ.
1015 2296 1052 2329 λ.
1081 2289 1152 2331 cfr.
1172 2290 1288 2331 Dem.
1307 2305 1348 2328 π.
1368 2291 1536 2347 παράπρ.
1565 2289 1696 2343 p.386
1716 2290 1769 2329 in.

544 2369 639 2425 (²⁴³)
682 2370 966 2410 Zimmermann
994 2369 1063 2409 1.1.
1084 2383 1123 2424 p.
1134 2368 1188 2409 94
1207 2383 1264 2423 sq.
1285 2368 1444 2423 primus,
1472 2368 1581 2423 quod
1599 2369 1731 2418 sciam,
1761 2369 1940 2410 ordinem
1962 2369 2097 2410 harum
2117 2369 2338 2410 orationum
2356 2372 2530 2420 mutavit,
2559 2372 2611 2411 ita

488 2450 531 2480 ut
564 2439 679 2480 tertia
713 2436 930 2491 Philippica
964 2437 1030 2476 illa
1064 2437 1177 2491 prior
1210 2436 1271 2476 sit.
1322 2436 1520 2490 Droysen.
1547 2436 1574 2477 l.
1590 2437 1617 2477 l.
1643 2452 1683 2491 p.
1695 2435 1748 2477 94
1767 2451 1825 2489 sq.
1847 2436 1953 2477 hanc
1990 2451 2090 2477 anne
2119 2436 2203 2477 342
2243 2438 2395 2477 exeunti
2424 2439 2613 2492 assignat,

488 2509 593 2549 illam
620 2505 705 2547 veri
733 2503 822 2545 anni
849 2503 1046 2558 sequentis
1075 2504 1131 2557 (v.
1152 2520 1190 2545 n.
1205 2503 1320 2557 239).
1363 2503 1551 2561 Spengel.
1571 2503 1598 2546 l.
1614 2504 1639 2546 l.
1659 2505 1759 2558 12,ss
1781 2512 1957 2547 veterem
1985 2518 2007 2545 a
2034 2504 2229 2559 Dionysio
2258 2504 2510 2547 constitutum
2541 2520 2610 2548 or-

489 2576 618 2615 dinem
646 2580 817 2613 revocat.
859 2571 1104 2613 Winiewski
1132 2570 1262 2625 p.177
1285 2586 1370 2625 sqq.
1398 2573 1576 2626 priorem
1601 2572 1731 2613 statuit
1760 2579 1857 2613 orat.
1886 2572 1934 2612 de
1963 2570 2100 2612 Chers.
2129 2585 2262 2613 mense
2292 2573 2452 2615 circiter
2480 2573 2608 2627 Pyan-

490 2642 664 2696 epsione,
692 2639 844 2681 tertiam
872 2637 1130 2693 Philippicam
1159 2638 1387 2681 brevissimo
1416 2638 1606 2694 temporis
1635 2638 1840 2681 intervallo
1869 2647 1960 2693 post
1987 2637 2092 2680 illam
2120 2637 2268 2682 habitas
2299 2654 2396 2682 esse.

545 2720 640 2776 (²⁴⁴)
682 2718 912 2777 Spengelius
941 2718 991 2762 de
1014 2718 1116 2762 Phil.
1135 2718 1197 2761 111
1221 2720 1549 2763 commentatione
1578 2736 1616 2775 p.
1626 2717 1678 2761 24
1706 2718 1747 2760 in
1775 2717 1910 2774 priore
1940 2718 2129 2762 orationis
2158 2720 2407 2772 recensione,
2436 2736 2534 2776 quae
2561 2721 2611 2764 sit

490 2794 531 2832 in
559 2805 673 2831 mser.
693 2788 812 2829 Paris.
831 2789 866 2831 Σ
894 2787 1015 2829 verba
1041 2788 1151 2830 uncis
1180 2788 1326 2830 inclusa
1353 2788 1541 2830 excidisse
1568 2786 1795 2842 comprobat
1822 2803 1869 2829 ex
1888 2788 2010 2830 causis
2029 2787 2252 2830 rhetoricis.
2298 2787 2511 2831 Concludit
2530 2790 2608 2830 his:

490 2858 618 2910 „W'ir
645 2855 810 2915 glauben
838 2854 1039 2906 demnach,
1069 2855 1150 2897 dalis
1180 2857 1252 2898 mit
1280 2857 1357 2898 den
1375 2857 1557 2898 Worten
1576 2851 1696 2908 γέλως
1715 2849 1763 2895 ἂν
1782 2854 1952 2910 ὁμολογῇ
1979 2856 2021 2896 in
2040 2870 2165 2914 enger
2178 2857 2437 2912 Verbindung
2454 2845 2606 2898 stehen:

490 2929 619 2973 μῖσος,
647 2921 693 2965 ἂν
721 2919 864 2967 τούτοις
891 2939 948 2965 τις
975 2923 1141 2975 ἐπιτιμᾷ,
1175 2925 1255 2964 und
1284 2924 1414 2965 hatten
1441 2925 1549 2979 jenes
1577 2923 1752 2963 Emhlem
1781 2923 1845 2962 fiir
1873 2924 1989 2964 einen
2017 2925 2331 2982 ungeschickten,
2361 2925 2428 2963 des
2455 2925 2607 2965 Demo-

490 2993 644 3033 sthenes
677 2994 788 3032 kaum
821 2992 1027 3047 wiirdigen
1062 2993 1219 3041 Zusatz,
1256 2993 1438 3031 welchen
1474 2993 1569 3031 auch
1603 2993 1675 3029 Hr.
1700 2992 1811 3029 Prof.
1838 2992 1956 3030 Halm
1992 2993 2253 3047 (Bayerische
2279 2993 2457 3031 Annalen
2484 2993 2606 3031 1834.

489 3061 643 3113 no.52)
671 3061 726 3101 als
753 3059 895 3100 unacht
920 3049 1144 3099 verworfe'n
1171 3058 1248 3097 hat.
1291 3051 1492 3114 Ubrigcns
1520 3059 1689 3099 ver-steht
1716 3059 1832 3098 Dem.
1859 3068 2028 3099 ersteres
2048 3075 2126 3099 von
2144 3059 2398 3108 Philocrates,
2428 3060 2608 3099 letzteres

491 3126 647 3167 bezieht
674 3128 758 3167 sich
786 3127 855 3167 auf
877 3127 944 3165 ihn
971 3125 1091 3166 selbst
1117 3126 1196 3164 und
1224 3126 1331 3165 seine
1359 3126 1454 3165 kur:
1482 3127 1625 3167 vorher
1652 3125 1854 3180 gemachte
1884 3126 2097 3181 erfolglose
2126 3126 2248 3181 Klage
2278 3140 2408 3181 gegen
2436 3125 2501 3165 die
2522 3126 2606 3165 Ge-

490 3193 665 3243 sandten,
692 3189 774 3250 περὶ
803 3188 1131 3252 παραπρεσβείας,
1160 3192 1281 3233 daher
1306 3193 1370 3234 die
1394 3193 1511 3235 triibe
1540 3193 1617 3234 und
1644 3191 1970 3234 melancholische
1991 3192 2210 3250 Stimmung
2231 3192 2358 3234 seines
2379 3191 2609 3244 Gemiitbes,

494 3261 556 3302 die
585 3258 667 3301 sich
695 3258 782 3300 hier
808 3259 889 3301 wie
918 3260 1122 3302 anderswo
1152 3259 1336 3316 nirgeuds
1363 3274 1408 3301 so
1438 3260 1608 3302 deutlich
1637 3259 1861 3313 aussprieht.
1893 3260 1964 3301 cfr.
1986 3276 2024 3300 π.
2046 3276 2212 3317 παραπρ.
2232 3260 2401 3313 p.428.”
