3375 4043
1477 227 1549 288 17

450 349 722 408 Alexandri
755 357 926 407 mortis
954 354 1041 408 Ol.
1068 357 1183 406 114.
1206 357 1238 405 2
1272 355 1586 419 afferebatur,
1625 359 1666 407 si
1694 353 1899 426 quidem
1926 353 2128 405 credere
2152 355 2269 405 licet
2297 355 2433 425 quod
2461 372 2573 406 nar-

450 451 562 493 rant
589 438 931 505 Philostratus,
969 440 1179 492 Photius
1210 442 1263 490 in
1291 439 1405 491 cod.
1427 441 1512 504 61,
1548 438 2083 501 Pseudo-Plutarchus,
2123 438 2431 509 Anonymm,
2470 442 2568 492 Ae-

450 515 672 576 schinem
706 526 767 578 ad
800 524 1156 586 Alexandrum,
1196 527 1283 594 qui
1311 525 1567 596 Babylona
1594 538 1644 578 et
1668 526 1794 579 Susa
1819 536 2055 578 venturus
2083 534 2228 585 esset,
2269 540 2320 574 se
2348 527 2570 577 conferre

448 610 686 675 voluisse,
736 624 786 663 et
824 612 1001 662 nuntio
1044 612 1215 661 mortis
1251 610 1401 662 allato
1441 611 1751 681 prohibitum
1788 628 1911 663 esse.
1967 611 2193 680 Apparet
2225 609 2325 660 hoc
2359 626 2463 660 non
2497 628 2571 660 re-

446 696 565 747 ferri
604 713 752 766 posse
798 694 869 745 ad*
904 705 1100 764 tempus
1144 712 1316 747 causae
1350 694 1734 765 Ctesiphonteae
1777 697 2087 766 proximum,
2137 693 2188 746 id
2227 693 2365 764 quod
2403 711 2573 745 omnes

448 780 522 830 illi
557 783 821 848 scriptores
856 776 1048 831 volunt.
1105 781 1172 830 At
1207 780 1351 831 nihili
1385 780 1484 831 hoc
1516 781 1708 833 faciam.

1442 936 1493 1004 §-
1513 938 1563 986 s.

632 1033 902 1084 Aeschines
946 1046 1049 1084 erat
1090 1034 1236 1083 hilari
1272 1036 1465 1095 animo,
1509 1036 1613 1084 vini
1646 1050 1838 1095 amans,
1886 1034 2128 1085 iucundus
2165 1047 2214 1084 et
2250 1034 2568 1085 delectationi

447 1129 605 1181 natus,
651 1119 791 1169 laetis
825 1119 1020 1170 circulis
1053 1116 1346 1169 commodus
1382 1120 1506 1184 (⁵⁹);
1553 1118 1889 1167 nobilissimus
1934 1122 2143 1187 quisque
2190 1120 2567 1169 familiaritatem

446 1205 548 1253 eius
580 1214 631 1253 et
660 1203 1067 1255 consuetudinem
1096 1202 1383 1274 expetebat:
1423 1205 1740 1254 amicissimus
1769 1214 1873 1253 erat
1899 1203 2120 1265 Eubu10‚
2158 1203 2393 1266 Nausicli‚
2432 1203 2567 1254 Pho-

445 1290 578 1338 cioni
620 1290 728 1338 viro
773 1287 1119 1340 honestissimo
1132 1327 1146 1351 ,
1194 1291 1559 1359 acceptissimus
1600 1287 1866 1359 Philippo,
1916 1288 2199 1339 Alexandro
2212 1328 2225 1350 ,
2273 1290 2565 1358 Antipatr03

445 1388 558 1440 erga
598 1383 827 1441 parentes
868 1374 1131 1442 piissimum
1180 1371 1243 1424 de
1283 1374 1466 1443 quibus
1505 1373 1722 1423 libenter
1753 1373 1996 1443 loquitur,
2046 1392 2074 1423 a
2108 1374 2365 1423 calumniis
2398 1372 2569 1423 adver·

444 1458 557 1506 sarii
592 1472 680 1507 eos
715 1444 1016 1520 defende-*11³3
1054 1475 1168 1509 cum
1199 1457 1433 1510 fiatribus
1463 1468 1514 1509 et
1540 1450 2116 1528 confinibus-concordia
2144 1461 2452 1519 coniunctus,
2487 1461 2572 1526 qui

442 1538 504 1589 ad
541 1558 696 1590 unum
735 1556 908 1591 omnes
951 1558 1063 1591 cum
1106 1528 1204 1592 illis
1243 1544 1290 1592 ei
1326 1544 1496 1593 amicis
1538 1541 1667 1593 male
1709 1552 1871 1610 gestae
1914 1542 2172 1611 legationis
2212 1559 2302 1593 reo
2346 1541 2565 1593 aderant.

442 1623 634 1674 Bonam
669 1623 843 1674 faciem
877 1622 1111 1686 habebat,
1150 1623 1237 1674 sed
1272 1626 1370 1674 iam
1404 1636 1594 1676 mature
1628 1626 1941 1695 frequentem
1977 1629 2206 1677 canitiem
2234 1629 2347 1692 (⁶⁰).
2398 1627 2567 1677 Exstat

442 1709 605 1758 vultus
633 1707 889 1758 Aeschinis
920 1722 1222 1759 marmoreus
1248 1711 1411 1776 primo
1441 1710 1511 1758 ab.
1531 1710 1593 1758 E.
1616 1709 1681 1758 T.
1704 1710 1926 1759 Visconti
1957 1714 2009 1759 in
2035 1711 2166 1760 Mus.
2188 1709 2559 1760 Pio-Clement.

442 1791 530 1843 VI.
552 1793 654 1842 tab.
670 1793 735 1842 36
764 1791 942 1852 editus,
981 1792 1221 1858 repetitus
1250 1793 1303 1839 in
1329 1790 1550 1840 eiusdem
1570 1792 1805 1858 Iconogr.
1825 1792 2058 1859 Grecque
2079 1795 2123 1841 Ι.
2146 1812 2200 1860 p.
2215 1796 2335 1842 258.
2357 1796 2460 1843 tab.
2475 1797 2560 1856 29,

444 1878 529 1945 qui
566 1877 729 1927 verbis
763 1875 847 1924 Fr.
873 1873 1094 1925 Passovii
1134 1872 1430 1924 describitur
1469 1872 1572 1925 his:
1632 1873 1778 1936 „Eia
1812 1873 2022 1924 schones
2059 1891 2362 1926 marmornes
2399 1876 2565 1927 Brust·

440 1961 567 2021 hild,
605 1963 658 2009 in
693 1959 807 2009 dem
838 1957 1132 2008 Landhause
1168 1957 1254 2007 des
1291 1958 1489 2009 Cassius
1522 1957 1789 2025 gefunden,
1834 1957 1956 2023 jetzt
1991 1962 2102 2008 eine
2138 1959 2319 2009 Zierde
2355 1959 2442 2010 des
2471 1962 2567 2011 Va-

440 2047 612 2105 ticam,
652 2046 778 2111 zeigt
808 2042 896 2093 ihu
928 2042 998 2093 als
1027 2045 1173 2093 einen
1200 2040 1460 2102 athletisch
1487 2039 1745 2109 kriiffigen,
1784 2040 1902 2092 sehr
1926 2040 2210 2110 fleischigen
2236 2044 2414 2106 Manu,
2455 2047 2573 2096 steif

441 2130 599 2180 durch
635 2127 971 2179 erkiinstelten
997 2125 1239 2189 Anstand,
1281 2126 1471 2189 offnen,
1509 2125 1892 2195 lebenslustigen
1926 2126 2031 2177 und
2070 2128 2438 2198 genussfahigen
2461 2132 2565 2180 An-

440 2215 648 2285 gesichts
684 2214 816 2264 ohne
851 2212 1022 2283 irgend
1059 2225 1205 2263 etwas
1240 2212 1625 2282 cigenthiimlich
1658 2212 2110 2275 hervortretendes‚
2162 2216 2282 2263 aber
2318 2217 2565 2285 hequeme

440 2300 542 2350 und
565 2299 801 2369 >gefaillige
834 2283 1321 2368 &bereinstimmung
1364 2298 1488 2348 aller
1523 2299 1687 2368 Ziige3
1735 2297 1818 2349 die
1851 2300 2011 2349 breite
2045 2300 2347 2371 Unterlippe
2383 2302 2567 2352 unedel

440 2384 790 2455 wegwerfend3
838 2402 932 2433 nur
975 2383 1060 2433 das
1101 2384 1260 2433 Profil
1301 2401 1403 2434 von
1446 2382 1583 2432 Stirn
1623 2381 1725 2431 und
1766 2383 1898 2433 Nase
1935 2384 2125 2454 wiirdig
2166 2386 2269 2433 und
2312 2387 2432 2447 fest,
2483 2386 2563 2434 die

439 2470 698 2538 Wolbung
726 2468 815 2520 der
840 2467 1247 2538 Augenknochen
1272 2468 1559 2538 vor-ciiglich
1585 2467 1756 2532 sehon,
1795 2468 1897 2520 und
1926 2472 1993 2519 im
2022 2469 2292 2520 Aufblicke
2319 2471 2562 2540 tragische

441 2553 764 2624 Erhehung.”

494 2718 573 2772 (⁶⁹)
613 2718 808 2760 Philum-2
844 2717 863 2757 ὅ
900 2711 965 2764 μὲν
993 2718 1117 2771 Αἰσχ.
1146 2711 1356 2770 φιλοπότης
1382 2733 1424 2757 τε
1452 2711 1571 2758 ἐδόκει
1597 2711 1660 2755 καὶ
1686 2713 1782 2764 ἡδὺς
1806 2711 1873 2757 καὶ
1900 2712 2103 2765 ἀνειμένος,
2126 2713 2195 2757 καὶ
2224 2720 2303 2758 πᾶν
2330 2717 2373 2759 τὸ
2402 2716 2559 2777 ἐπίχαρι

440 2786 481 2826 ἐκ
510 2780 695 2834 Διονύσου
724 2782 866 2842 ᾑρηκὼς
893 2814 904 2824 .
920 2814 930 2824 .
947 2814 958 2825 .
988 2779 1266 2839 διακεχυμένος
1292 2800 1335 2826 τε
1361 2778 1427 2825 καὶ
1454 2781 1549 2833 ἦδὺς
1573 2778 1742 2836 ἐφαίνετο
1771 2786 1849 2827 τοῖς
1876 2779 2179 2843 συμπρέσβεων.

398 2834 440 2886 χ
495 2863 571 2919 (⁶⁰)
597 2864 756 2922 'Aesch
776 2865 859 2906 adv.
881 2865 985 2906 Tim.
1014 2880 1053 2919 p.
1063 2863 1102 2905 7.
1111 2864 1187 2907 35:
1215 2859 1281 2906 καὶ
1308 2860 1410 2904 ἔστιν
1437 2864 1521 2913 ἡμῖν
1548 2858 1644 2903 τουτὶ
1673 2857 1841 2917 πέμπτον
1869 2859 1934 2905 καὶ
1954 2864 2252 2922 τετταρακοστὸν
2270 2861 2370 2910 ἔτος·
2398 2862 2462 2907 καὶ
2481 2866 2556 2919 ἐγώ

439 2928 503 2980 μὲν
531 2929 742 2975 τοσαυτασὶ
770 2930 905 2977 πολιὰς
932 2927 1031 2986 ἔχω,
1060 2927 1156 2977 ἕσας
1183 2932 1288 2980 ὑμεῖς
1314 2931 1439 2991 dedra,
1466 2931 1552 2972 ἄλλ’
1581 2929 1646 2972 οὐκ
1672 2930 1820 2975 ἐκεῖνος.
