3375 4043
1459 220 1498 278 5

421 351 677 409 evincunt,
722 363 827 398 non
860 363 1138 418 cognomen
1172 346 1295 398 illud
1310 384 1325 409 ,
1372 347 1505 417 quod
1542 365 1603 400 ex
1638 350 1881 418 mysteriis
1914 348 1996 398 vel
2030 350 2196 398 nescio
2230 347 2365 400 unde
2400 363 2539 401 aece-

418 435 575 503 perit,
621 450 790 492 verum
826 445 1021 494 causam
1054 450 1143 482 cur
1176 449 1453 502 cognomen
1489 436 1735 505 acceperit
1775 451 1805 483 a
1837 431 2180 483 Demosthene
2213 430 2376 484 fictam
2411 452 2535 486 esse.

418 516 598 587 Neque
632 522 792 588 magis
815 516 968 570 fidem
1000 515 1184 579 habeo,
1224 515 1363 586 quod
1397 515 1460 568 de
1491 522 1695 571 nomine
1721 518 1971 569 Atrometi
2000 527 2190 566 mutato
2219 533 2278 565 ex
2306 515 2539 569 Tromete

417 601 568 662 tradit
592 604 706 671 (Τ),
745 600 938 663 nec-de
969 600 1236 653 Aeschine
1258 604 1346 672 qui
1386 605 1436 653 in
1476 607 1721 656 civitatem
1756 604 2076 672 surrepserit3
2120 600 2172 651 id
2210 599 2347 671 quod
2383 603 2539 652 incre·

416 706 552 757 pau-e¹
567 688 666 749 ime
698 687 1008 757 temporibus
1034 686 1418 740 Atheniensibus
1444 692 1684 760 imprimis
1711 692 1765 740 in
1791 699 2033 759 promptu
2060 699 2180 738 erat.
2229 686 2544 738 Atrometum

415 773 690 834 litterarum
710 771 966 823 elementa
1002 771 1246 836 docuisse,
1292 772 1343 823 id
1381 774 1516 844 quod
1535 774 1673 829 alias
1705 773 2006 844 plerumque
2045 774 2173 823 servi
2214 771 2378 821 facere
2413 771 2541 821 sole-

415 858 538 906 bant
567 855 667 923 (ὅ),
706 874 907 918 narrans
937 856 1301 909 Demosthenes
1332 855 1433 931 snei
1457 878 1653 932 παραπρ.
1683 877 1738 929 p.
1755 859 1856 908 419
1892 857 2032 908 addit
2064 859 2215 909 verba
2252 858 2311 909 ὥς
2338 853 2428 915 ἐγὼ
2458 857 2544 905 τῶν

416 933 732 1015 πρεσβυτέρων
764 937 933 998 ἀκούω,
976 939 1098 1015 πρὸς
1116 943 1178 1006 τῷ
1211 943 1289 992 τοῦ
1311 937 1483 1015 Ἥρωος
1515 944 1592 992 τοῦ
1625 944 1795 1016 ias-903:
1843 941 1980 1013 quod
2018 959 2138 994 vero
2171 941 2263 992 illo
2299 942 2417 993 loco
2450 940 2541 991 du-

413 1027 554 1076 bium
598 1026 825 1095 reliquit,
872 1025 924 1076 id
965 1023 1066 1098 ,πρὶ
1098 1039 1232 1090 στεφ.
1263 1043 1321 1094 p.
1334 1026 1435 1084 270
1478 1043 1574 1094 pro
1619 1037 1756 1076 certo
1798 1030 2110 1095 pronuntiat,
2158 1044 2323 1095 neque
2361 1028 2537 1087 nescit,

416 1109 549 1183 apud
576 1110 788 1180 Elpinm,
817 1112 905 1180 qui
931 1108 1002 1162 ad.
1020 1109 1205 1161 Thesei
1229 1108 1475 1179 tempium
1501 1108 1723 1160 scholam
1748 1108 2014 1168 habuisset,
2042 1112 2169 1160 servi
2196 1126 2399 1159 munere
2427 1127 2541 1160 eum

414 1195 639 1246 functum
672 1212 806 1257 esse;
841 1196 1082 1276 mmm
1108 1192 1377 1246 duodecim
1408 1193 1513 1245 fere
1526 1193 1529 1195 ’
1544 1191 1683 1245 annis
1710 1196 1998 1245 intermissis
2024 1197 2383 1245 accuratissime
2410 1193 2541 1245 istud

414 1289 748 1346 perscrutatus
781 1288 856 1327 est
886 1271 1051 1326 bonus
1083 1277 1171 1327 ille
1203 1277 1585 1328 Demosthenes.
1625 1275 1878 1328 >Parentes
1910 1277 2167 1328 Aeschinis
2201 1289 2359 1328 aetate
2393 1277 2539 1328 valde

413 1365 655 1432 provecti
675 1360 762 1421 Ol.
789 1363 904 1412 109.
927 1363 960 1410 2
996 1366 1065 1427 (a.
1088 1363 1232 1427 343),
1278 1379 1380 1431 quo
1423 1378 1554 1423 anno
1599 1365 1876 1413 orationem
1917 1359 2012 1434 περὶ
2045 1354 2416 1434 παραπρεσβείας
2452 1360 2539 1408 ha-

412 1449 568 1498 bitam
600 1446 871 1517 Dionysius
903 1445 1065 1497 Halic.
1104 1443 1323 1509 tradidit,
1363 1448 1633 1497 etiamtunc
1661 1448 1908 1509 vixerunt,
1945 1458 2088 1516 pater
2121 1447 2385 1515 nonaginta
2420 1463 2540 1515 qua·

412 1542 530 1582 tuor
573 1548 730 1581 annos
774 1542 935 1592 natus,
983 1542 1143 1581 mater
1185 1534 1458 1591 minimum,
1489 1535 1858 1601 septuagenaria
1899 1531 2050 1582 fuerit
2090 1548 2289 1582 necesse
2332 1542 2405 1581 est
2440 1529 2536 1596 (⁹).

410 1615 608 1667 Patrem
635 1630 767 1666 anno
793 1624 910 1682 post
935 1625 1186 1665 mortuum
1211 1614 1434 1667 videmus
1462 1633 1491 1667 e
1518 1616 1636 1668 loco
1660 1616 1917 1669 Aeschinis
1945 1613 2066 1666 κατὰ
2082 1624 2274 1681 xmo-142.
2295 1617 2441 1684 p.81.
2460 1617 2537 1665 21.

1410 1767 1461 1833 g.
1484 1770 1536 1815 2.

602 1868 751 1917 Hisce
791 1882 912 1917 vero
958 1866 1243 1934 parentibus
1286 1882 1389 1933 quo
1433 1881 1564 1915 anno
1604 1876 1745 1916 natus
1780 1868 1842 1916 sit
1873 1841 2144 1917 Aeschixi’es
2157 1904 2170 1928 ,
2221 1884 2279 1916 ex
2316 1870 2538 1917 oratione

413 1957 516 2003 eius
550 1951 780 2002 adversus
816 1949 1134 1999 Timarchum
1175 1951 1391 2017 perspici
1424 1960 1592 2017 potest
1628 1953 1704 2017 (p.
1722 1952 1766 2001 7.
1789 1949 1934 2015 fin.):
1986 1945 2105 1999 ἔστιν
2139 1952 2237 2011 ἡμῖν
2272 1948 2392 2000 τουτὶ
2426 1947 2538 2011 πέμ-

414 2055 523 2086 πτον
559 2032 632 2085 καὶ
666 2028 1017 2108 τετταρακοστὸν
1051 2027 1159 2084 ἔτοὲ.
1216 2031 1410 2101 Nemp‘e
1445 2030 1718 2101 significant
1750 2032 1932 2083 haecce
1968 2035 2117 2084 verba
2152 2034 2278 2084 nihil
2311 2037 2405 2085 nisi
2440 2036 2538 2085 Ae-

412 2121 633 2172 schinem
667 2132 786 2170 tunc
821 2117 1244 2187 quadragesimum
1278 2128 1509 2187 quartum
1542 2120 1819 2168 excessisse.
1885 2117 2028 2181 Quae
2064 2122 2224 2169 oratio
2260 2138 2373 2170 cum
2406 2138 2539 2171 anno

412 2206 512 2255 344
548 2214 756 2254 exeunte
790 2202 872 2254 vel
906 2204 1107 2252 ineunte
1145 2202 1244 2251 343
1279 2219 1325 2251 a.
1355 2200 1479 2252 Chr.
1510 2220 1561 2251 n.
1602 2204 1706 2253 sive
1741 2199 1828 2253 Ol.
1863 2203 1979 2264 109,
2015 2206 2037 2252 1
2077 2202 2244 2253 habita
2280 2206 2359 2266 sit,
2400 2203 2539 2273 quod

411 2290 538 2341 infra
570 2288 797 2360 pluribus
831 2285 1295 2350 demonstrabimus,
1342 2304 1404 2337 eo
1440 2304 1532 2337 nos
1566 2284 1811 2351 ducimur,
1852 2298 1910 2338 ut
1942 2306 2125 2338 annum
2159 2288 2417 2339 Aeschinis
2452 2307 2537 2339 na·

469 2459 536 2513 (⁷)
580 2454 661 2515 περὶ
690 2467 804 2510 σ-τεφ.
833 2456 1025 2512 p.27o.'7.
1061 2457 1107 2496 In
1136 2466 1234 2497 orat.
1264 2472 1305 2495 π.
1333 2472 1502 2514 nagan?-
1530 2457 1617 2496 huic
1645 2470 1729 2497 non
1756 2464 1903 2498 tantum
1932 2472 2015 2499 non
2042 2458 2252 2507 maledicit,
2280 2458 2351 2497 sed
2378 2469 2430 2498 ne
2458 2472 2533 2499 no-

411 2540 502 2568 men
531 2526 687 2580 quidem
714 2525 913 2565 Trometis
941 2532 1239 2572 commemorat;
1271 2524 1394 2565 immo
1422 2524 1549 2579 potius
1576 2523 1632 2564 ibi
1659 2522 1787 2578 p.431
1809 2524 1874 2564 fin.
1903 2525 2016 2565 dicit:
2046 2522 2110 2563 τὸν
2139 2518 2183 2564 δὲ
2207 2519 2439 2581 Ἀτρομήτου
2466 2526 2537 2563 τοῦ

410 2593 700 2651 γραμματιστοῦ
725 2585 790 2652 usti
817 2586 1074 2633 Γλαυκοθέας
1100 2593 1169 2639 τῆς
1194 2587 1285 2633 rods
1310 2586 1483 2634 Sede-our
1510 2586 1765 2642 συναγούσης.
1820 2589 2057 2645 Apollonius
2084 2592 2128 2632 in
2155 2591 2235 2632 vita
2258 2590 2402 2632 Aesch.
2432 2591 2535 2631 idem

412 2660 461 2700 de
491 2659 690 2700 Trometis
717 2672 823 2699 nom.
853 2658 1156 2699 commutatione
1184 2657 1360 2699 referens
1386 2672 1503 2698 unum
1529 2658 1641 2697 Dem.
1671 2658 1845 2710 sequitur
1872 2665 2042 2711 propter
2069 2658 2168 2698 illud
2196 2655 2310 2709 φασί.

465 2737 533 2794 (⁸)
574 2737 745 2779 Boeckh.
775 2736 930 2778 Oecon.
958 2735 1102 2778 Athen.
1130 2737 1163 2776 I.
1192 2752 1232 2793 p.
1240 2737 1342 2778 128:
1378 2737 1521 2789 „Nach
1556 2737 1644 2775 dem
1670 2736 1812 2791 Pelop.
1840 2735 1990 2793 Kriege
2027 2737 2195 2777 mussten
2222 2737 2342 2778 selbst
2368 2738 2534 2794 Biirger‚

409 2806 564 2849 welche
591 2805 660 2847 auf
676 2806 811 2847 *einem
824 2804 992 2846 *hohern
1010 2805 1128 2846 Fusse
1155 2820 1205 2846 zu
1232 2804 1349 2846 leben
1375 2804 1561 2862 gewohnt
1586 2817 1735 2855 waren,
1764 2818 1810 2845 so
1838 2804 1951 2846 viel·
1962 2797 2269 2860 Uberwindnng
2296 2819 2337 2846 es
2365 2807 2529 2855 kostete,

412 2874 536 2916 durch
565 2873 748 2930 Taglohn
776 2873 874 2914 oder
901 2872 971 2912 auf
992 2873 1113 2914 ambe
1141 2871 1218 2913 Art
1244 2873 1316 2913 mit
1343 2872 1451 2913 ihrer
1475 2871 1609 2911 H‘ande
1628 2869 1773 2912 Arbeit
1799 2872 1884 2915 sich
1913 2872 2121 2924 ernam-en,
2149 2874 2244 2913 weil
2263 2873 2319 2913 sie
2339 2873 2425 2913 ihre
2444 2887 2530 2913 aus-

408 2943 604 2998 w'artigen
630 2940 876 2982 L'sindereien
902 2939 1089 2988 vei-loten
1115 2938 1271 2990 hatten,
1305 2954 1448 2996 wegen
1484 2939 1549 2980 des
1577 2937 1858 2995 Geldmangels
1886 2940 1967 2980 und
1997 2940 2069 2980 der
2095 2941 2307 2995 get-iugem
2333 2939 2529 2980 Beviilke-

409 3024 511 3066 rung
539 3009 603 3051 die
631 3007 807 3051 Miethen
834 2992 1138 3067 gesunkenm
1158 3005 1361 3053 Anleihen
1387 3006 1496 3049 nicht
1521 3022 1568 3047 zu
1595 3004 1772 3049 erhalten
1800 3021 1947 3049 waren.
1991 3006 2191 3062 (Xenoph.
2220 3020 2385 3049 memor.
2415 3006 2528 3048 Socr.

408 3075 460 3116 Π.
476 3076 627 3131 7,8.).”
1331 3128 1334 3133 ἱ

463 3150 530 3205 (⁹)
571 3153 714 3196 Aesch.
743 3150 827 3212 περὶ
844 3150 988 3212 nera-[3.
1016 3170 1056 3209 p.
1065 3153 1119 3196 47
1133 3170 1190 3209 sq.
1221 3177 1274 3187 —
1302 3154 1326 3203 ἧ
1353 3149 1418 3203 μὲν
1448 3153 1510 3202 ἐμὴ
1541 3150 1654 3211 μήτηρ
1681 3151 1811 3208 ἔφυγε
1839 3154 1935 3203 μετὰ
1962 3157 2032 3196 τοῦ
2059 3154 2179 3203 αὐτῆς
2206 3152 2342 3211 ἀνδρὸς
2370 3149 2427 3194 ἐπὶ
2455 3155 2528 3193 τῶν

409 3215 607 3279 τριάκοντα
634 3222 687 3264 εἰς
713 3217 916 3279 Κόρινθον,
944 3222 1051 3277 qnod
1078 3221 1221 3266 factum
1249 3223 1471 3266 verosimile
1501 3230 1558 3265 est
1585 3219 1650 3263 01.
1672 3220 1738 3265 94.
1755 3224 1793 3265 1.
