3375 4043
1812 203 1889 265 58

774 330 1163 380 Atheniensibus
1176 367 1191 391 ,
1238 346 1406 400 regem
1449 327 1751 399 reipublicae
1794 329 2042 393 insidiari,
2088 333 2186 381 iam
2226 345 2513 401 perannum
2554 347 2667 383 esse-
2693 329 2907 382 videtur.

773 416 1044 468 Intestinae
1079 418 1258 469 turbae
1291 419 1594 468 exstiterunt.
1648 414 1912 467 Acen-imo
1936 415 2057 468 odio
2079 414 2464 469 Demosthenica
2495 414 2652 468 factio
2670 416 2908 470 adversa·

775 503 900 554 riam
946 504 1281 574 persequitur.
1349 499 1536 553 Odium
1579 509 1745 550 autem
1791 503 2017 553 omnium
2058 501 2437 555 Atheniensium
2480 502 2534 553 in
2575 499 2913 556 Philocratem

776 591 1004 652 vertitur,
1052 599 1306 642 auctorem
1348 589 1502 659 pacis,
1551 600 1680 656 quae
1723 595 1834 638 tum
1877 589 1976 639 iam
2017 589 2306 659 turpissima.
2336 590 2399 641 iis
2429 586 2690 642 videbamr
2720 587 2912 640 Damo-

778 675 956 727 sthene
991 678 1241 742 sociisque
1272 672 1631 741 instigantibus.
1678 671 1749 721 At
1781 689 1888 723 non
1921 684 2023 722 tam
2053 690 2165 723 eam
2200 674 2270 723 ob
2305 692 2504 726 cainam
2536 686 2675 726 auda
2710 672 2914 743 quidem

777 759 896 812 inde
932 771 1036 812 erat
1071 757 1252 810 invidia
1266 797 1279 821 ,
1330 769 1480 826 quam
1522 754 1658 827 quod
1703 755 1859 806 homo
1904 766 2008 807 erat
2050 756 2455 812 sceleratissimus
2495 761 2650 831 inque
2683 760 2913 811 omnibus

775 848 905 897 vitae
939 847 1087 895 rebus
1123 845 1469 911 nequissimus,
1510 844 1698 910 quique
1732 844 1785 891 in
1820 852 2093 911 conspectu
2118 844 2344 893 omnium
2367 843 2431 894 ad
2454 845 2739 897 foedissima
2763 861 2911 915 quae-

777 945 875 996 que
916 927 1107 978 divitias
1151 925 1439 987 adhibebat,
1490 942 1632 994 quas,
1683 936 1739 976 ut
1781 936 1886 977 erat
1927 928 2235 977 avarissimus
2274 925 2504 998 lucrique
2547 928 2909 998 cupidissimus,

773 1009 1066 1062 omnimodo
1101 1011 1329 1081 augebat.
1392 1010 1640 1071 Accessit,
1690 1010 1827 1083 quod
1871 1010 1970 1062 hoc
2011 1021 2240 1083 tempore
2282 1013 2547 1084 auctoritas
2590 1028 2647 1063 ac
2689 1017 2915 1082 potentia

769 1096 997 1166 Philippi
1032 1099 1085 1147 in
1111 1096 1493 1165 PeloponnesO,
1513 1096 1741 1158 Euboea,
1770 1095 2046 1159 Thessalia,
2074 1095 2286 1148 Thracia
2310 1098 2363 1147 in
2387 1093 2492 1148 dies
2516 1096 2771 1166 gliscebat.
2810 1097 2914 1166 Hy-

772 1181 971 1251 perides
1005 1180 1344 1232 Philocratem
1380 1183 1431 1230 in
1465 1183 1543 1231 ius
1576 1183 1796 1243 vocavit,
1841 1180 2136 1232 Timarchus
2169 1180 2471 1235 Aeschinem
2505 1184 2666 1252 petiit.
2724 1178 2913 1233 Demo-

770 1268 969 1320 sthenes
1002 1254 1205 1336 utrique
1240 1269 1514 1317 accusatori
1547 1269 1906 1337 patrocinatur.
1963 1267 2066 1331 Qui
2102 1286 2217 1318 cum
2251 1286 2396 1319 causa
2423 1267 2696 1319 Philocrati
2731 1271 2914 1320 consti-

777 1356 944 1403 stituta
980 1364 1125 1414 esset,
1165 1354 1255 1402 ait:
1295 1354 1464 1402 mirari
1499 1368 1570 1414 se,
1611 1350 1750 1423 quod
1785 1371 1942 1403 unum
1964 1348 2301 1404 Philocratem
2334 1363 2414 1404 tot
2442 1364 2797 1425 tantorumque
2821 1356 2914 1404 cri-

777 1440 969 1489 minum
1010 1439 1216 1489 noxium
1257 1435 1525 1500 haberent,
1573 1454 1758 1489 novem
1799 1436 1915 1497 illos
1957 1437 2181 1508 reliquos
2224 1439 2362 1489 omni
2404 1437 2552 1509 culpa
2586 1457 2768 1491 vacuos
2811 1455 2916 1490 esse

774 1526 897 1585 rati3
935 1540 1101 1591 neque
1135 1521 1188 1571 id
1223 1525 1291 1572 ita
1327 1539 1379 1571 se
1413 1521 1598 1572 habere
1631 1538 1800 1590 posse,
1840 1539 1950 1571 cum
1987 1522 2077 1572 ille
2110 1525 2337 1589 nuspiam
2362 1521 2502 1574 sol—us
2522 1538 2711 1589 suaque
2733 1533 2915 1590 sponte

772 1609 950 1674 egisset
983 1606 1191 1674 reliquis
1224 1607 1581 1673 praetermissis
1606 1606 1743 1670 (²¹⁸).
1795 1603 1930 1654 Reus
1953 1603 2090 1654 ultro
2115 1603 2373 1668 exulabat3
2411 1604 2589 1656 absens
2611 1604 2912 1656 condemna·

770 1702 848 1741 tus
885 1701 977 1751 est,
1018 1689 1187 1739 malim
1213 1705 1294 1739 eas
1319 1689 1389 1739 ob
1415 1706 1582 1741 causas
1607 1706 1729 1758 quas
1753 1687 1908 1739 modo
1934 1686 2053 1751 dixi,
2096 1706 2245 1759 quam
2269 1686 2409 1759 quod
2433 1691 2768 1759 corruptionis
2792 1708 2912 1741 con-

770 1778 929 1826 victus
954 1787 1083 1824 esset
1098 1775 1235 1840 (²¹⁹).
1282 1773 1468 1824 Nescio
1505 1777 1638 1824 enim
1662 1772 1916 1842 equidem,
1957 1791 2173 1840 quorum
2196 1776 2348 1842 gratia
2370 1792 2457 1825 rex
2481 1793 2801 1845 corrumpere
2825 1775 2911 1826 de—

772 1861 960 1920 buerit,
999 1875 1113 1907 cum
1149 1874 1330 1925 nempe
1365 1874 1463 1925 pax
1497 1858 1560 1906 ab
1597 1858 1829 1907 omnibus
1863 1856 1955 1905 illo
1989 1867 2220 1925 tempore
2256 1855 2546 1920 desiderata,
2586 1859 2760 1923 eadem
2794 1872 2913 1911 tunc

776 1955 832 1994 ut
866 1943 1049 1992 diutius
1083 1958 1141 1990 ac
1177 1943 1417 1989 continuo
1450 1950 1769 2006 permaneret
1803 1949 1938 1988 certe
1972 1955 1999 1987 a
2036 1955 2211 2009 magna
2245 1940 2662 2009 amplissimorum
2697 1962 2753 1995 ac
2789 1944 2912 1996 divi-

774 2040 878 2077 tum
901 2035 1042 2094 parte
1061 2023 1440 2074 Atheniensium
1465 2031 1740 2091 optaretur.
1779 2021 1888 2072 Nec
1911 2032 2080 2072 tamen
2106 2041 2166 2074 ex
2189 2023 2266 2074 his
2288 2042 2418 2075 unus
2442 2028 2625 2078 exstitit
2641 2026 2913 2079 Philocrati

773 2110 1023 2161 defensor.
1078 2106 1225 2158 Adeo
1262 2104 1433 2157 odium
1468 2109 1521 2157 in
1555 2124 1608 2158 se
1632 2108 1913 2158 coniecerat
1935 2104 2245 2159 Philocrates
2281 2111 2523 2171 omnium,
2562 2123 2619 2162 ut
2648 2130 2780 2163 anno
2806 2113 2910 2163 fere

829 2333 924 2389 (¹¹⁸)
966 2336 1099 2376 Locos
1128 2335 1178 2377 de
1207 2334 1431 2377 Philocrate
1460 2335 1692 2391 praecipuos
1721 2333 1839 2376 hahes
1867 2334 2009 2377 Aesch.
2038 2352 2079 2376 π.
2099 2332 2247 2394 τρια-β.
2274 2351 2314 2392 Ρ.
2303 2337 2390 2379 .29.
2399 2339 2423 2379 1
2440 2352 2499 2393 sq.
2528 2338 2645 2393 Ρ.30.
2653 2339 2722 2380 29.
2752 2339 2793 2380 in
2812 2338 2910 2382 Cte-

771 2403 869 2459 siph.
906 2416 995 2460 pag.
1012 2401 1066 2445 65
1095 2410 1192 2444 tota.
1236 2402 1354 2445 Dem.
1391 2418 1433 2443 τ.
1460 2418 1629 2461 παρατρ.
1666 2417 1705 2458 p.
1696 2401 1836 2444 ‚375-
1849 2402 2003 2459 377sq.
2040 2419 2080 2460 p.
2096 2403 2297 2447 maed.
2326 2404 2496 2447 417fin.
2525 2404 2621 2448 440.
2659 2406 2710 2448 de
2738 2407 2909 2485 Halosin.

772 2486 811 2526 p.
801 2471 873 2512 .82
894 2485 952 2525 sq.
980 2470 1168 2512 Dinarch.
1197 2471 1284 2512 adv.
1313 2471 1431 2513 Dem.
1461 2486 1500 2526 p.
1489 2470 1576 2513 .94.
1605 2469 1729 2528 §292
1768 2486 1877 2513 ουτος
1912 2472 2077 2526 (Dem.)
2111 2467 2331 2531 Φιλοκράτει
2359 2476 2701 2527 evo-mmmmm
2729 2477 2785 2527 τῷ
2811 2469 2911 2533 γρά-

773 2534 901 2587 ψαντι
928 2536 1020 2595 πρὸς
1046 2535 1230 2579 Φίλιππον
1259 2534 1414 2596 εἰρήνην,
1443 2536 1489 2578 δι’
1518 2556 1562 2586 ην
1590 2538 1696 2586 υμεῒς
1723 2537 1861 2578 ἐκεῖνον
1889 2534 2116 2594 ιξσβᾶλετι.

830 2615 884 2670 (¹¹
889 2615 927 2669 ⁹)
970 2615 1187 2659 Confirmat
1212 2632 1275 2660 me
1303 2618 1423 2700 ipsius
1450 2617 1731 2659 Demosthenis
1761 2617 1871 2658 locus
1899 2633 1939 2657 π.
1954 2634 2121 2676 vaporare.
2142 2633 2182 2674 Ρ.
2172 2617 2274 2660 ,375
2288 2619 2354 2660 fin.
2383 2614 2485 2661 εἰδε
2503 2615 2737 2679 Φιλοκράτης
2764 2618 2814 2670 μὴ
2839 2617 2908 2669 μα’-

774 2701 836 2725 ννο
870 2679 1057 2735 niueum·
1092 2684 1178 2741 παρ’
1207 2684 1291 2731 ὑμῖν
1320 2685 1357 2725 ἔν
1384 2688 1440 2738 τῷ
1469 2681 1574 2738 δῆμω
1604 2680 1813 2731 πολλακις,
1846 2683 1950 2725 ἀλλὰ
1984 2682 2051 2727 καὶ
2077 2683 2263 2727 ιδεῖκνυεν
2290 2687 2375 2734 ὒμῒν
2383 2636 2658 2747 ε-ντυροιιι·ιιυλιὶι“’ν,
2695 2685 2908 2736 οἷκοδομων,

772 2749 1013 2796 βαδιεῖσθαι
1043 2745 1222 2803 φασκων,
1254 2768 1328 2802 κᾳν
1355 2752 1402 2801 μὴ
1433 2755 1673 2811 χιιροτονῆτι
1701 2753 1829 2801 ὑμεῖς,
1864 2751 2061 2809 ξυληγων,
2093 2751 2136 2795 τὸ
2165 2751 2329 2813 χρυστον
2355 2754 2667 2803 καταλλαπόμεν
2649 2771 2710 2799 νος
2737 2765 2818 2808 φαν
2820 2773 2910 2815 spate

770 2815 831 2859 ἐπὶ
858 2822 945 2861 ταῖς
971 2814 1190 2876 τραπὲξαις,
1219 2817 1287 2858 οὐκ
1315 2834 1365 2858 ενι
1396 2816 1515 2868 δήπου
1545 2825 1614 2861 τοῦ
1613 2838 1676 2861 τον
1704 2822 1797 2861 εἰειπ
1784 2824 1819 2860 ῒν
1849 2836 1900 2862 ως
1927 2820 1997 2861 οὐκ
2023 2818 2172 2875 εἴληφε,
2206 2821 2270 2863 τὸν
2296 2822 2413 2865 αὐτὸν
2442 2824 2714 2878 ὁμολογουντα
2739 2819 2804 2863 καὶ
2833 2822 2908 2865 διι-

769 2884 924 2928 audura.
981 2887 1093 2944 Ergo
1122 2887 1267 2928 iterum
1296 2889 1517 2930 coniectum
1544 2890 1666 2932 modo
1696 2905 1743 2932 ex
1770 2890 1961 2931 sententia
1988 2889 2265 2934 Demosthenis
2293 2893 2519 2936 accusantis.
2571 2891 2706 2934 Verba
2731 2892 2907 2935 Weiskii

772 2957 824 2996 11.
854 2972 893 3010 p.
908 2956 975 2997 13:
1013 2955 1139 3010 „Ipse
1167 2955 1410 2997 Philocrates
1438 2957 1597 3014 fingitur
1625 2959 1825 3001 consessus
1858 2959 2061 3012 pecuniam
2088 2958 2164 3002 sibi
2191 2960 2355 3003 rediisse
2382 2975 2406 3003 e
2435 2959 2647 3018 legatione
2664 2974 2685 3000 a
2713 2973 2755 3002 se
2783 2961 2905 3003 admi-

771 3025 952 3074 nistrata,
988 3023 1119 3065 verbis
1154 3023 1337 3080 ambigue
1373 3026 1525 3066 mutatis
1561 3034 1601 3067 et
1636 3026 1904 3082 corruptionis
1939 3028 2160 3082 suspicione
2194 3029 2287 3070 inde
2322 3029 2465 3084 petita,
2501 3028 2610 3082 quod
2638 3025 2706 3069 ille
2735 3028 2834 3070 dona
2862 3044 2904 3071 se

772 3091 1000 3146 hospitalia,
1036 3092 1183 3146 pariter
1217 3101 1334 3147 atque
1371 3093 1562 3159 collegas,
1597 3096 1795 3150 accepisse
1832 3108 1853 3134 a
1882 3109 1975 3151 rege
2004 3095 2235 3138 fatebamff’
2268 3096 2365 3139 haec
2393 3096 2529 3138 nescio
2557 3110 2606 3137 an
2633 3105 2761 3148 recte,
2796 3098 2903 3152 quod

772 3160 918 3210 malim,
947 3159 995 3199 ad
1024 3173 1148 3200 meam
1177 3162 1408 3202 sententiam
1437 3175 1627 3204 assumere
1656 3164 1752 3203 mihi
1782 3163 1909 3203 liceat.
