3375 4043
1518 271 1592 331 67

498 404 678 452 mitum
704 413 832 466 vergo
846 396 1092 470 Philippo
1125 403 1231 468 regi
1262 398 1662 468 splendidissimo
1695 400 1827 450 haud
1857 401 2004 450 nimis
2028 399 2194 462 alieni,
2230 401 2465 453 Aeschini
2486 402 2620 454 fave·

497 487 620 537 baut
651 501 711 535 ac
728 483 1026 560 studebant,
1062 483 1117 535 id
1153 481 1292 552 quod
1326 485 1380 534 in
1413 483 1710 535 instituenda
1742 484 1835 537 hac
1868 501 2015 537 causa
2050 486 2320 552 apparebat
2343 490 2474 554 (2³⁷).
2519 490 2619 540 Ae-

496 568 690 620 schines
731 572 784 621 in
824 569 928 621 fine
962 572 1084 620 >stiae
1128 568 1368 619 orationis
1409 585 1645 619 coronam
1679 569 1986 632 cohortatur,
2035 579 2094 620 ut
2127 579 2349 620 tueretur
2383 587 2486 631 eos,
2536 576 2621 641 qui

495 673 591 724 pro
625 674 747 726 pace
781 674 840 709 ac
874 656 1047 706 sinte.
1064 665 1372 723 pugnarent,
1398 666 1449 706 et
1480 655 1618 706 illico
1641 655 1905 708 advocatos
1929 673 2046 706 suos
2073 665 2334 724 provocat,
2364 658 2498 706 viros
2522 675 2619 706 me-

497 739 701 793 hercule
734 748 841 792 non
870 737 1122 808 ’ndignmu
1160 757 1333 791 verum
1366 740 1668 810 reipublicae
1702 741 1970 803 studiosos,
1997 741 2273 792 -Eubulum
2308 758 2474 791 rerum
2509 744 2622 792 civi-

494 826 617 878 lium
650 827 1021 896 peritissimum,
1047 824 1355 877 Phocionem
1379 826 1700 877 clarissimum
1723 826 1920 890 ducem,
1948 826 2229 878 Nausiclem
2254 820 2618 888 amicissimum,

495 910 707 961 eundem
743 910 923 979 procul
957 910 1111 962 dubio
1148 911 1326 963 ducem
1358 912 1735 964 Atheniensium
1776 914 1891 983 plus
1927 914 2081 964 semel
2117 932 2144 963 a
2179 913 2376 983 populo
2406 930 2621 963 corona-

494 1008 618 1044 tum.
673 996 846 1064 Itaque
880 999 1058 1046 iterum
1092 996 1362 1049 Aeschines
1394 998 1672 1067 periculum
1708 998 1898 1066 effugit.

1474 1149 1524 1219 ἓ.
1550 1151 1630 1200 16.

679 1251 913 1301 Attamen
947 1254 1164 1320 suspicio
1199 1262 1250 1300 et
1283 1253 1650 1300 criminationes
1679 1254 2012 1320 corruptionis
2038 1250 2436 1319 proditionisque
2461 1252 2617 1302 Athe-

492 1337 569 1383 nis
598 1352 702 1383 non
735 1336 982 1384 tacebant.
1039 1335 1217 1385 Statim
1253 1338 1386 1385 enim
1419 1336 1613 1406 aliquot
1646 1337 1897 1386 mensibus
1929 1348 2046 1406 post
2080 1348 2252 1386 auctor
2286 1340 2523 1387 orationis
2552 1337 2616 1386 de

493 1418 782 1468 Halonneso
831 1417 997 1468 denuo
1046 1420 1099 1467 in
1143 1422 1271 1469 cives
1318 1420 1604 1488 proditores
1648 1423 1944 1471 amarissime
1991 1420 2266 1482 invehitur,
2314 1423 2620 1488 exprobrans

491 1501 896 1564 Atheniensibus,
929 1500 1067 1571 quod
1096 1518 1184 1552 eos
1211 1504 1300 1571 qui
1322 1501 1562 1572 Philippo
1587 1503 1821 1553 benevoli
1844 1514 2024 1564 essent,
2055 1520 2161 1552 non
2185 1502 2481 1553 mulctarent
2493 1504 2621 1570 (²³⁸).

491 1585 670 1654 Neque
707 1588 935 1654 iniquum
970 1586 1134 1638 facere
1176 1586 1352 1638 videor
1391 1590 1433 1638 si
1463 1586 1819 1655 Demosthenis
1854 1605 1977 1657 quas
2011 1604 2130 1639 mox
2164 1587 2338 1638 habuit
2373 1590 2621 1639 orationes

490 1675 556 1721 ita
574 1672 906 1740 perlustrabo,
935 1682 993 1721 ut
1008 1673 1269 1734 rationem,
1302 1689 1399 1740 qua
1419 1670 1723 1724 adversarios
1741 1675 1937 1741 insequi
1952 1684 2143 1741 pergat,
2177 1675 2452 1741 respiciam.
2493 1672 2617 1723 Pro-

491 1760 620 1806 xima
653 1767 769 1825 post
802 1755 937 1806 illam
966 1754 1062 1829 περὶ
1085 1749 1452 1829 παραπρεσβείας
1477 1757 1696 1807 habitam
1720 1774 1777 1807 ea
1803 1769 2023 1827 putatur,
2058 1775 2184 1826 quae
2212 1775 2290 1807 res
2316 1757 2616 1808 Chersonesi

490 1852 689 1902 tractat,
738 1859 784 1891 a.
806 1842 908 1891 342
948 1852 1158 1891 exeunte
1204 1852 1341 1890 orata
1374 1842 1511 1906 (²³⁹).
1575 1840 1869 1891 Cautissime
1909 1846 1961 1892 in
2002 1843 2096 1891 hac
2130 1860 2208 1892 res
2243 1843 2468 1911 publicas
2501 1860 2613 1911 per-

546 2047 601 2100 (⁹³
605 2048 641 2100 ⁷)
683 2048 799 2088 Dem.
820 2063 860 2086 π
881 2062 1046 2103 παραπρ.
1065 2046 1170 2086 init..
1192 2041 1291 2120 ἴΟση
1319 2039 1399 2091 μέν,
1427 2038 1514 2083 ωᾶ.
1527 2042 1681 2091 Ἀθήνη
1709 2060 1809 2082 σπου
1787 2039 2020 2099 υδηπερὶτο
2047 2041 2182 2084 τονὶτο
2186 2063 2333 2150 νὲαεγων
2313 2063 2443 2085 νακαι
2462 2064 2619 2104 παραιγ-

490 2112 605 2168 γελία
633 2110 791 2168 γέγονε,
825 2111 975 2166 σχεδον
1010 2105 1110 2159 οἶμαι
1144 2105 1295 2152 πάντας
1328 2110 1430 2157 υμᾶς
1462 2108 1677 2163 ᾐσθῆσθαι
1712 2104 1925 2166 ἑωρακότας
1958 2103 2040 2167 ἄρτι
2076 2127 2166 2152 τους
2204 2108 2262 2150 “rc
2290 2112 2531 2169 ἐκληροῦσθε
2560 2114 2618 2153 ἐν·

491 2185 621 2234 Meno
620 2197 710 2222 ντας
736 2176 800 2219 καὶ
828 2196 898 2236 προ
899 2196 951 2221 cue
944 2177 1044 2220 ’ντας
1070 2178 1168 2224 ὒμῒν.

546 2257 640 2313 (ffl)
684 2258 734 2300 de
762 2257 932 2300 Halonn.
961 2273 1001 2312 p.
1013 2256 1067 2298 80
1086 2256 1152 2298 fin.
1203 2256 1419 2310 Praecipue
1454 2255 1496 2297 in
1530 2255 1607 2297 fine
1644 2255 1682 2296 h.
1711 2264 1809 2297 orat.
1844 2254 2107 2297 ferocioribus
2142 2255 2273 2297 verbis
2307 2273 2413 2298 usus:
2457 2276 2534 2298 οσοι
2572 2257 2613 2298 δ’

487 2326 686 2375 'ASnv'imoe
709 2315 1944 2380 ντεςμητηπατρῖδαλλαῷιλιππωενοιανεδικνυντα
1970 2318 2142 2381 προςήκει
2163 2322 2399 2377 oetirovcti'p
2421 2325 2616 2372 ὖμωνκα-

489 2412 580 2438 κους
612 2411 741 2437 κακως
774 2387 968 2434 ἇπολωλέν
948 2409 1029 2439 ναι,
1065 2387 1165 2449 εἴπερ
1201 2391 1306 2438 υμεῒς
1340 2389 1404 2432 τόν
1437 2385 1656 2444 ’γκὲφαλον
1684 2391 1728 2431 ’ἓν
1761 2393 1838 2433 τοῖς
1864 2385 2071 2448 κροταφοις
2097 2408 2161 2431 και
2189 2409 2238 2440 μη
2268 2392 2305 2431 ἐν
2333 2395 2418 2435 ταῖς
2444 2388 2534 2449 πτέρ
2536 2411 2617 2436 ναις

489 2455 795 2511 καταπεπατημέι
797 2478 847 2502 ον
872 2461 1031 2518 φορεῖτε.

544 2542 642 2596 (¹³⁹)
684 2541 859 2583 Clinton.
886 2540 933 2581 F.
952 2539 1005 2580 Η.
1032 2556 1073 2595 p.
1082 2539 1178 2582 155.
1206 2540 1505 2581 Zimmermann.
1525 2539 1553 2580 l.
1569 2539 1596 2580 l.
1621 2555 1660 2594 Ρ.
1671 2539 1724 2580 95
1744 2554 1801 2593 sq.
1829 2539 2026 2594 Droysen.
2053 2555 2092 2594 Ρ.
2104 2540 2156 2580 93
2176 2555 2233 2593 sq.
2262 2540 2360 2581 hanc
2392 2542 2612 2581 orationem

490 2626 583 2654 vere
612 2610 679 2653 01.
694 2609 789 2652 1⁰9.
804 2608 831 2651 3
860 2608 984 2662 (inter
1000 2606 1182 2664 Aprilem
1210 2616 1251 2650 et
1276 2606 1430 2649 Iunium
1456 2623 1510 2648 m.
1533 2622 1568 2648 a.
1583 2606 1684 2661 341)
1710 2605 1879 2648 habitam
1906 2606 2057 2658 volunt,
2085 2607 2296 2663 praecipue
2325 2622 2411 2649 eam
2439 2607 2492 2648 ob
2523 2622 2612 2649 cau-

490 2694 590 2729 sam,
624 2677 731 2731 quod
756 2676 960 2730 Philippus
996 2675 1056 2730 (Ρ.
1066 2675 1141 2728 93)
1178 2675 1314 2717 etesias
1350 2674 1438 2729 (qui
1464 2674 1569 2716 Iulio
1597 2687 1726 2715 mense
1754 2674 1920 2728 spirant)
1956 2673 2181 2728 exspectans
2210 2674 2375 2715 dicam.
2418 2673 2475 2715 At
2502 2676 2615 2730 ponit

488 2754 656 2797 tannim,
692 2759 778 2786 cum
814 2743 1017 2798 Philippus
1052 2743 1242 2784 maiorem
1277 2742 1489 2783 exercitum
1524 2741 1778 2792 contraxerit,
1819 2740 1907 2781 fieri
1942 2754 2058 2795 posse
2091 2748 2137 2781 ut
2169 2741 2402 2796 Byzantium
2437 2742 2613 2793 infestet,

490 2823 531 2855 et
564 2811 746 2868 Diopithi
782 2810 923 2851 auxilio
958 2809 1095 2851 venire
1130 2809 1387 2867 impediatur,
1419 2808 1614 2863 siquidem
1647 2807 1787 2848 diutius
1822 2808 1991 2848 cunctati
2025 2807 2175 2849 fuerint
2200 2808 2461 2850 Athenienses
2493 2823 2611 2862 usque

490 2876 581 2920 (lum
610 2881 813 2921 etesiarum
839 2886 990 2931 tempus
1017 2878 1184 2917 venerit.
1226 2875 1362 2929 Itaque
1388 2875 1486 2916 haec
1513 2891 1595 2916 non
1623 2884 1779 2930 cogunt,
1808 2875 2029 2915 orationem
2057 2876 2099 2915 in
2122 2885 2202 2915 tam
2226 2875 2349 2916 breve
2367 2885 2456 2916 aute
2475 2878 2611 2915 etesias

489 2956 643 3002 tempus
677 2946 897 2995 includere,
931 2943 1001 2985 sed
1036 2944 1152 2985 etiam
1185 2943 1340 3001 longius
1375 2943 1480 2984 licet.
1528 2942 1656 2985 Verba
1688 2957 1728 2996 p.
1744 2939 1798 2982 94
1828 2949 1869 2983 et
1895 2956 1935 2995 Ρ.
1950 2942 2035 2983 100
2069 2943 2219 2997 pariter
2253 2942 2418 2983 hiemem
2446 2950 2609 2982 stantem

490 3023 605 3070 atque
633 3015 836 3056 huminem
864 3026 934 3054 ver
960 3010 1187 3069 praeferunt
1213 3010 1284 3065 (ne
1310 3016 1353 3051 tc
1380 3018 1521 3068 urgeat
1537 3009 1735 3066 Ulpianus,
1762 3008 1831 3064 qui
1858 3002 2019 3066 quidem
2046 3010 2178 3052 etesiis
2206 3009 2517 3051 commemoratis
2542 3023 2608 3050 ca-

489 3090 577 3138 ptus
604 3080 671 3131 τῆν
699 3082 879 3123 ἐπιοῦσαν
907 3076 1004 3139 ὥραν
1030 3081 1100 3119 τοῦ
1125 3073 1248 3121 ἔθους
1273 3078 1555 3133 interpretatur
1580 3079 1647 3117 τοῦ
1672 3071 1846 3134 θέρους).
1890 3076 2005 3129 Quae
2032 3092 2130 3120 vero
2158 3077 2353 3127 evincunt,
2388 3084 2477 3118 ante
2505 3077 2609 3118 veris

490 3149 642 3190 initium
670 3151 890 3192 orationem
916 3147 1083 3189 habitam
1112 3161 1208 3197 esse,
1236 3159 1282 3187 ea
1309 3153 1399 3186 suut
1423 3145 1545 3188 verba
1569 3143 1770 3186 Aeschinis
1798 3144 1840 3184 in
1859 3142 1969 3187 Ctes.
1989 3161 2028 3200 Ρ.
2040 3145 2105 3186 66.
2120 3145 2177 3185 20
2194 3158 2279 3198 sqq.
2308 3157 2408 3198 quae
2436 3144 2530 3186 facit
2557 3144 2607 3185 de

489 3216 611 3272 pactis
639 3214 789 3259 Calliae
817 3215 1084 3259 Chalcidensis
1119 3220 1161 3257 et
1185 3212 1475 3256 Demosthenis.
1524 3213 1635 3256 Dicit
1667 3211 1771 3254 enim
1804 3224 1846 3267 p.
1861 3210 1931 3254 67.
1950 3212 2005 3255 34
2041 3226 2063 3254 e
2090 3210 2370 3254 Demosthenis
2403 3211 2605 3261 sententia,

490 3285 631 3326 milites
658 3297 747 3325 cum
774 3284 941 3338 pecunia
969 3297 1016 3327 ex
1042 3282 1326 3337 Peloponneso
1341 3279 1513 3324 Athenas
1542 3287 1800 3324 conventuros
1828 3293 1913 3322 esse
1942 3280 1984 3322 in
2010 3281 2064 3322 16
2089 3279 2415 3323 Anthesterionis.
2458 3280 2606 3320 Verum

2144 3350 2224 3398 12
