<?xml version="1.0" encoding="UTF-8"?>
<!DOCTYPE html PUBLIC "-//W3C//DTD XHTML 1.0 Transitional//EN"
    "http://www.w3.org/TR/xhtml1/DTD/xhtml1-transitional.dtd">
<html xmlns="http://www.w3.org/1999/xhtml" xml:lang="en" lang="en">
 <head>
  <title>
</title>
<meta http-equiv="Content-Type" content="text/html;charset=utf-8" />
  <meta name='ocr-system' content='tesseract 3.04.00' />
  <meta name='ocr-capabilities' content='ocr_page ocr_carea ocr_par ocr_line ocrx_word'/>
</head>
<body>
  <div class='ocr_page' id='page_1' title='image "4777347_0073.png"; bbox 0 0 3375 4043; ppageno 0'>
   <div class='ocr_carea' id='block_1_1' title="bbox 1480 263 1551 320">
    <p class='ocr_par' dir='ltr' id='par_1_1' title="bbox 1480 263 1551 320">
     <span class='ocr_line' id='line_1_1' title="bbox 1480 263 1551 320; baseline -0.014 0"><span class='ocrx_word' id='word_1_1' title='bbox 1480 263 1551 320; x_wconf 83' lang='lat'><strong>61</strong></span> 
     </span>
    </p>
   </div>
   <div class='ocr_carea' id='block_1_2' title="bbox 402 389 2584 1821">
    <p class='ocr_par' dir='ltr' id='par_1_2' title="bbox 402 389 2584 1821">
     <span class='ocr_line' id='line_1_2' title="bbox 457 389 2580 461; baseline 0 -18"><span class='ocrx_word' id='word_1_2' title='bbox 457 392 636 443; x_wconf 88' lang='lat' dir='ltr'><strong>dirent.</strong></span> <span class='ocrx_word' id='word_1_3' title='bbox 687 389 765 441; x_wconf 86' lang='lat' dir='ltr'><strong>Ne</strong></span> <span class='ocrx_word' id='word_1_4' title='bbox 798 408 953 460; x_wconf 87' lang='lat' dir='ltr'><strong>porro</strong></span> <span class='ocrx_word' id='word_1_5' title='bbox 986 392 1165 460; x_wconf 86' lang='lat' dir='ltr'><strong>pacem</strong></span> <span class='ocrx_word' id='word_1_6' title='bbox 1195 389 1633 457; x_wconf 64' lang='lat' dir='ltr'>reprehenderent,</span> <span class='ocrx_word' id='word_1_7' title='bbox 1672 393 1861 459; x_wconf 48' lang='lat' dir='ltr'><strong>inequa</strong></span> <span class='ocrx_word' id='word_1_8' title='bbox 1896 391 1937 439; x_wconf 84' lang='lat' dir='ltr'><strong>si</strong></span> <span class='ocrx_word' id='word_1_9' title='bbox 1972 389 2093 457; x_wconf 89' lang='lat' dir='ltr'><strong>quid</strong></span> <span class='ocrx_word' id='word_1_10' title='bbox 2123 398 2227 441; x_wconf 84' lang='lat' dir='ltr'><strong>non</strong></span> <span class='ocrx_word' id='word_1_11' title='bbox 2257 404 2384 444; x_wconf 87' lang='lat' dir='ltr'><strong>esset</strong></span> <span class='ocrx_word' id='word_1_12' title='bbox 2407 402 2580 461; x_wconf 86' lang='lat' dir='ltr'><strong>aptum</strong></span> 
     </span>
     <span class='ocr_line' id='line_1_3' title="bbox 455 470 2580 545; baseline 0.001 -18"><span class='ocrx_word' id='word_1_13' title='bbox 455 478 779 545; x_wconf 84' lang='lat' dir='ltr'><strong>corrigerent3</strong></span> <span class='ocrx_word' id='word_1_14' title='bbox 823 494 887 528; x_wconf 89' lang='lat' dir='ltr'><strong>ne</strong></span> <span class='ocrx_word' id='word_1_15' title='bbox 923 474 1066 527; x_wconf 80' lang='lat' dir='ltr'><strong>dictis</strong></span> <span class='ocrx_word' id='word_1_16' title='bbox 1100 470 1500 524; x_wconf 86' lang='lat' dir='ltr'><strong>maledicentium</strong></span> <span class='ocrx_word' id='word_1_17' title='bbox 1536 485 1788 526; x_wconf 88' lang='lat' dir='ltr'><strong>oratorum</strong></span> <span class='ocrx_word' id='word_1_18' title='bbox 1823 471 2105 525; x_wconf 80' lang='lat' dir='ltr'><strong>obedirent.</strong></span> <span class='ocrx_word' id='word_1_19' title='bbox 2167 473 2300 524; x_wconf 89' lang='lat' dir='ltr'><strong>Tum</strong></span> <span class='ocrx_word' id='word_1_20' title='bbox 2331 477 2580 544; x_wconf 77' lang='lat' dir='ltr'><strong>postulata</strong></span> 
     </span>
     <span class='ocr_line' id='line_1_4' title="bbox 455 556 2574 632; baseline -0 -21"><span class='ocrx_word' id='word_1_21' title='bbox 455 559 517 611; x_wconf 91' lang='lat' dir='ltr'><strong>ad</strong></span> <span class='ocrx_word' id='word_1_22' title='bbox 552 559 849 632; x_wconf 77' lang='lat' dir='ltr'><strong>Philippum</strong></span> <span class='ocrx_word' id='word_1_23' title='bbox 873 557 1083 611; x_wconf 83' lang='lat' dir='ltr'><strong>ridicule</strong></span> <span class='ocrx_word' id='word_1_24' title='bbox 1118 558 1466 627; x_wconf 87' lang='lat' dir='ltr'><strong>superbissima</strong></span> <span class='ocrx_word' id='word_1_25' title='bbox 1500 570 1647 628; x_wconf 91' lang='lat' dir='ltr'><strong>atque</strong></span> <span class='ocrx_word' id='word_1_26' title='bbox 1683 560 2077 630; x_wconf 84' lang='lat' dir='ltr'><strong>arrogantissima</strong></span> <span class='ocrx_word' id='word_1_27' title='bbox 2112 556 2250 609; x_wconf 86' lang='lat' dir='ltr'><strong>data:</strong></span> <span class='ocrx_word' id='word_1_28' title='bbox 2288 570 2346 608; x_wconf 89' lang='lat' dir='ltr'><strong>ut</strong></span> <span class='ocrx_word' id='word_1_29' title='bbox 2368 560 2574 628; x_wconf 85' lang='lat' dir='ltr'><strong>Amphi·</strong></span> 
     </span>
     <span class='ocr_line' id='line_1_5' title="bbox 453 640 2579 716; baseline -0.002 -18"><span class='ocrx_word' id='word_1_30' title='bbox 453 647 610 716; x_wconf 89' lang='lat' dir='ltr'><strong>polim</strong></span> <span class='ocrx_word' id='word_1_31' title='bbox 644 645 898 706; x_wconf 67' lang='lat' dir='ltr'><strong>redderet,—</strong></span> <span class='ocrx_word' id='word_1_32' title='bbox 931 645 1052 693; x_wconf 83' lang='lat' dir='ltr'><strong>item</strong></span> <span class='ocrx_word' id='word_1_33' title='bbox 1082 640 1440 705; x_wconf 67' lang='lat' dir='ltr'><strong>Helenum,</strong></span> <span class='ocrx_word' id='word_1_34' title='bbox 1482 661 1606 712; x_wconf 88' lang='lat' dir='ltr'><strong>quae</strong></span> <span class='ocrx_word' id='word_1_35' title='bbox 1639 648 1864 715; x_wconf 87' lang='lat' dir='ltr'><strong>ipsorum</strong></span> <span class='ocrx_word' id='word_1_36' title='bbox 1897 644 2096 706; x_wconf 83' lang='lat' dir='ltr'><strong>fuisset3</strong></span> <span class='ocrx_word' id='word_1_37' title='bbox 2134 655 2192 694; x_wconf 90' lang='lat' dir='ltr'><strong>ut</strong></span> <span class='ocrx_word' id='word_1_38' title='bbox 2225 655 2419 699; x_wconf 86' lang='lat' dir='ltr'><strong>ceterae</strong></span> <span class='ocrx_word' id='word_1_39' title='bbox 2456 661 2579 711; x_wconf 89' lang='lat' dir='ltr'><strong>quo·</strong></span> 
     </span>
     <span class='ocr_line' id='line_1_6' title="bbox 455 729 2580 802; baseline -0.002 -18"><span class='ocrx_word' id='word_1_40' title='bbox 455 750 552 802; x_wconf 92' lang='lat' dir='ltr'><strong>que</strong></span> <span class='ocrx_word' id='word_1_41' title='bbox 575 732 818 783; x_wconf 73' lang='lat' dir='ltr'><strong>Graeciae</strong></span> <span class='ocrx_word' id='word_1_42' title='bbox 839 730 1079 789; x_wconf 72' lang='lat' dir='ltr'><strong>civitates,</strong></span> <span class='ocrx_word' id='word_1_43' title='bbox 1119 729 1383 780; x_wconf 84' lang='lat' dir='ltr'><strong>etiamsi-in</strong></span> <span class='ocrx_word' id='word_1_44' title='bbox 1404 745 1578 797; x_wconf 85' lang='lat' dir='ltr'>pacem</span> <span class='ocrx_word' id='word_1_45' title='bbox 1599 748 1705 781; x_wconf 88' lang='lat' dir='ltr'><strong>non</strong></span> <span class='ocrx_word' id='word_1_46' title='bbox 1729 740 1895 780; x_wconf 91' lang='lat' dir='ltr'><strong>essent</strong></span> <span class='ocrx_word' id='word_1_47' title='bbox 1918 740 2163 797; x_wconf 83' lang='lat' dir='ltr'><strong>receptae,</strong></span> <span class='ocrx_word' id='word_1_48' title='bbox 2193 729 2381 780; x_wconf 84' lang='lat' dir='ltr'>liberae</span> <span class='ocrx_word' id='word_1_49' title='bbox 2405 731 2580 797; x_wconf 83' lang='lat' dir='ltr'><strong>suique</strong></span> 
     </span>
     <span class='ocr_line' id='line_1_7' title="bbox 454 811 2583 884; baseline -0.001 -16"><span class='ocrx_word' id='word_1_50' title='bbox 454 820 575 868; x_wconf 82' lang='lat' dir='ltr'><strong>iuris</strong></span> <span class='ocrx_word' id='word_1_51' title='bbox 607 825 771 866; x_wconf 77' lang='lat' dir='ltr'><strong>essent</strong></span> <span class='ocrx_word' id='word_1_52' title='bbox 803 812 939 880; x_wconf 78' lang='lat'><strong>(²²⁵),</strong></span> <span class='ocrx_word' id='word_1_53' title='bbox 985 825 1042 864; x_wconf 90' lang='lat' dir='ltr'><strong>ut</strong></span> <span class='ocrx_word' id='word_1_54' title='bbox 1076 811 1431 882; x_wconf 80' lang='lat' dir='ltr'><strong>Cersobleptes</strong></span> <span class='ocrx_word' id='word_1_55' title='bbox 1473 815 1577 882; x_wconf 86' lang='lat' dir='ltr'><strong>ipse</strong></span> <span class='ocrx_word' id='word_1_56' title='bbox 1618 814 1680 865; x_wconf 92' lang='lat' dir='ltr'><strong>ad</strong></span> <span class='ocrx_word' id='word_1_57' title='bbox 1716 832 1893 884; x_wconf 81' lang='lat' dir='ltr'><strong>pacem</strong></span> <span class='ocrx_word' id='word_1_58' title='bbox 1927 813 2205 883; x_wconf 84' lang='lat' dir='ltr'><strong>foedusque</strong></span> <span class='ocrx_word' id='word_1_59' title='bbox 2241 811 2583 866; x_wconf 80' lang='lat' dir='ltr'><strong>admitteretur</strong></span> 
     </span>
     <span class='ocr_line' id='line_1_8' title="bbox 453 899 2583 972; baseline 0 -22"><span class='ocrx_word' id='word_1_60' title='bbox 453 902 623 966; x_wconf 87' lang='lat' dir='ltr'><strong>(Dem.</strong></span> <span class='ocrx_word' id='word_1_61' title='bbox 660 915 710 947; x_wconf 70' lang='grc' dir='ltr'><strong>π.</strong></span> <span class='ocrx_word' id='word_1_62' title='bbox 744 917 941 972; x_wconf 60' lang='lat' dir='ltr'><strong>wagan-9.</strong></span> <span class='ocrx_word' id='word_1_63' title='bbox 973 918 1027 970; x_wconf 84' lang='lat' dir='ltr'><strong>p.</strong></span> <span class='ocrx_word' id='word_1_64' title='bbox 1042 900 1185 965; x_wconf 79' lang='lat'><strong>398).</strong></span> <span class='ocrx_word' id='word_1_65' title='bbox 1247 899 1543 968; x_wconf 64' lang='lat' dir='ltr'><strong>Legationes</strong></span> <span class='ocrx_word' id='word_1_66' title='bbox 1586 899 1701 950; x_wconf 88' lang='lat' dir='ltr'><strong>hinc</strong></span> <span class='ocrx_word' id='word_1_67' title='bbox 1742 899 1861 951; x_wconf 91' lang='lat' dir='ltr'><strong>inde</strong></span> <span class='ocrx_word' id='word_1_68' title='bbox 1902 899 2169 970; x_wconf 90' lang='lat' dir='ltr'><strong>proficisci,</strong></span> <span class='ocrx_word' id='word_1_69' title='bbox 2217 900 2370 950; x_wconf 90' lang='lat' dir='ltr'><strong>multa</strong></span> <span class='ocrx_word' id='word_1_70' title='bbox 2408 899 2472 950; x_wconf 91' lang='lat' dir='ltr'><strong>de</strong></span> <span class='ocrx_word' id='word_1_71' title='bbox 2506 900 2583 950; x_wconf 89' lang='lat' dir='ltr'><strong>his</strong></span> 
     </span>
     <span class='ocr_line' id='line_1_9' title="bbox 457 983 2581 1056; baseline 0 -21"><span class='ocrx_word' id='word_1_72' title='bbox 457 985 664 1055; x_wconf 79' lang='lat' dir='ltr'><strong>aliisque</strong></span> <span class='ocrx_word' id='word_1_73' title='bbox 698 986 846 1036; x_wconf 87' lang='lat' dir='ltr'><strong>rebus</strong></span> <span class='ocrx_word' id='word_1_74' title='bbox 881 988 973 1055; x_wconf 84' lang='lat' dir='ltr'><strong>agi.</strong></span> <span class='ocrx_word' id='word_1_75' title='bbox 1000 983 1356 1055; x_wconf 80' lang='lat' dir='ltr'><strong>-Hegesippus‚</strong></span> <span class='ocrx_word' id='word_1_76' title='bbox 1396 985 1484 1054; x_wconf 88' lang='lat' dir='ltr'><strong>qui</strong></span> <span class='ocrx_word' id='word_1_77' title='bbox 1519 1002 1632 1034; x_wconf 88' lang='lat' dir='ltr'><strong>cum</strong></span> <span class='ocrx_word' id='word_1_78' title='bbox 1666 985 1771 1036; x_wconf 89' lang='lat' dir='ltr'><strong>aliis</strong></span> <span class='ocrx_word' id='word_1_79' title='bbox 1804 986 2051 1056; x_wconf 86' lang='lat' dir='ltr'><strong>postulata</strong></span> <span class='ocrx_word' id='word_1_80' title='bbox 2085 986 2171 1036; x_wconf 92' lang='lat' dir='ltr'><strong>illa</strong></span> <span class='ocrx_word' id='word_1_81' title='bbox 2201 983 2264 1036; x_wconf 82' lang='lat' dir='ltr'><strong>ad</strong></span> <span class='ocrx_word' id='word_1_82' title='bbox 2287 984 2581 1055; x_wconf 84' lang='lat' dir='ltr'><strong>Philippum</strong></span> 
     </span>
     <span class='ocr_line' id='line_1_10' title="bbox 457 1068 2579 1141; baseline 0 -19"><span class='ocrx_word' id='word_1_83' title='bbox 457 1070 711 1133; x_wconf 85' lang='lat' dir='ltr'><strong>afferebat,</strong></span> <span class='ocrx_word' id='word_1_84' title='bbox 750 1088 863 1122; x_wconf 88' lang='lat' dir='ltr'><strong>cum</strong></span> <span class='ocrx_word' id='word_1_85' title='bbox 899 1073 1191 1122; x_wconf 73' lang='lat' dir='ltr'><strong>accerrimus</strong></span> <span class='ocrx_word' id='word_1_86' title='bbox 1225 1072 1330 1122; x_wconf 89' lang='lat' dir='ltr'><strong>eius</strong></span> <span class='ocrx_word' id='word_1_87' title='bbox 1365 1068 1669 1122; x_wconf 79' lang='lat' dir='ltr'><strong>adversarius</strong></span> <span class='ocrx_word' id='word_1_88' title='bbox 1704 1082 1848 1134; x_wconf 88' lang='lat' dir='ltr'><strong>esset,</strong></span> <span class='ocrx_word' id='word_1_89' title='bbox 1887 1074 2095 1140; x_wconf 82' lang='lat' dir='ltr'><strong>graviter</strong></span> <span class='ocrx_word' id='word_1_90' title='bbox 2128 1074 2390 1141; x_wconf 87' lang='lat' dir='ltr'><strong>minusque</strong></span> <span class='ocrx_word' id='word_1_91' title='bbox 2424 1074 2579 1123; x_wconf 89' lang='lat' dir='ltr'><strong>comi-</strong></span> 
     </span>
     <span class='ocr_line' id='line_1_11' title="bbox 454 1155 2579 1227; baseline 0 -20"><span class='ocrx_word' id='word_1_92' title='bbox 454 1169 529 1208; x_wconf 88' lang='lat' dir='ltr'><strong>ter</strong></span> <span class='ocrx_word' id='word_1_93' title='bbox 561 1155 730 1208; x_wconf 86' lang='lat' dir='ltr'><strong>Pellae</strong></span> <span class='ocrx_word' id='word_1_94' title='bbox 765 1167 1027 1220; x_wconf 84' lang='lat' dir='ltr'><strong>tractatur3</strong></span> <span class='ocrx_word' id='word_1_95' title='bbox 1074 1159 1197 1227; x_wconf 87' lang='lat' dir='ltr'><strong>quin</strong></span> <span class='ocrx_word' id='word_1_96' title='bbox 1232 1159 1381 1207; x_wconf 91' lang='lat' dir='ltr'><strong>etiam</strong></span> <span class='ocrx_word' id='word_1_97' title='bbox 1409 1155 1681 1226; x_wconf 81' lang='lat' dir='ltr'><strong>hospitem,</strong></span> <span class='ocrx_word' id='word_1_98' title='bbox 1731 1158 1819 1225; x_wconf 87' lang='lat' dir='ltr'><strong>qui</strong></span> <span class='ocrx_word' id='word_1_99' title='bbox 1852 1155 1994 1206; x_wconf 89' lang='lat' dir='ltr'><strong>illum</strong></span> <span class='ocrx_word' id='word_1_100' title='bbox 2029 1168 2303 1226; x_wconf 83' lang='lat' dir='ltr'><strong>exceperat,</strong></span> <span class='ocrx_word' id='word_1_101' title='bbox 2342 1157 2579 1207; x_wconf 87' lang='lat' dir='ltr'><strong>Xenocli-</strong></span> 
     </span>
     <span class='ocr_line' id='line_1_12' title="bbox 456 1239 2577 1312; baseline -0.001 -19"><span class='ocrx_word' id='word_1_102' title='bbox 456 1242 569 1293; x_wconf 90' lang='lat' dir='ltr'><strong>dem</strong></span> <span class='ocrx_word' id='word_1_103' title='bbox 602 1259 760 1312; x_wconf 49' lang='lat' dir='ltr'><strong>regno*</strong></span> <span class='ocrx_word' id='word_1_104' title='bbox 793 1242 983 1312; x_wconf 83' lang='lat' dir='ltr'><strong>expulit</strong></span> <span class='ocrx_word' id='word_1_105' title='bbox 1015 1258 1101 1293; x_wconf 88' lang='lat' dir='ltr'><strong>rex</strong></span> <span class='ocrx_word' id='word_1_106' title='bbox 1124 1243 1260 1309; x_wconf 84' lang='lat'><strong>(²²⁶).</strong></span> <span class='ocrx_word' id='word_1_107' title='bbox 1315 1239 1515 1292; x_wconf 84' lang='lat' dir='ltr'><strong>Deinde</strong></span> <span class='ocrx_word' id='word_1_108' title='bbox 1549 1240 1814 1311; x_wconf 76' lang='lat' dir='ltr'><strong>Philippus</strong></span> <span class='ocrx_word' id='word_1_109' title='bbox 1850 1242 2059 1310; x_wconf 89' lang='lat' dir='ltr'><strong>epistola</strong></span> <span class='ocrx_word' id='word_1_110' title='bbox 2082 1242 2302 1292; x_wconf 84' lang='lat' dir='ltr'><strong>Athenas</strong></span> <span class='ocrx_word' id='word_1_111' title='bbox 2333 1244 2476 1292; x_wconf 89' lang='lat' dir='ltr'><strong>missa</strong></span> <span class='ocrx_word' id='word_1_112' title='bbox 2500 1259 2577 1292; x_wconf 91' lang='lat' dir='ltr'><strong>re-</strong></span> 
     </span>
     <span class='ocr_line' id='line_1_13' title="bbox 454 1326 2576 1397; baseline -0 -20"><span class='ocrx_word' id='word_1_113' title='bbox 454 1327 694 1396; x_wconf 79' lang='lat' dir='ltr'><strong>spondet:</strong></span> <span class='ocrx_word' id='word_1_114' title='bbox 734 1326 1079 1396; x_wconf 85' lang='lat' dir='ltr'><strong>Amphipolim</strong></span> <span class='ocrx_word' id='word_1_115' title='bbox 1111 1345 1248 1377; x_wconf 89' lang='lat' dir='ltr'><strong>suam</strong></span> <span class='ocrx_word' id='word_1_116' title='bbox 1279 1344 1386 1378; x_wconf 91' lang='lat' dir='ltr'><strong>esse</strong></span> <span class='ocrx_word' id='word_1_117' title='bbox 1413 1345 1473 1377; x_wconf 91' lang='lat' dir='ltr'><strong>ex</strong></span> <span class='ocrx_word' id='word_1_118' title='bbox 1504 1338 1670 1397; x_wconf 86' lang='lat' dir='ltr'><strong>pacto,</strong></span> <span class='ocrx_word' id='word_1_119' title='bbox 1703 1338 1761 1377; x_wconf 91' lang='lat' dir='ltr'><strong>ut</strong></span> <span class='ocrx_word' id='word_1_120' title='bbox 1782 1339 1975 1378; x_wconf 90' lang='lat' dir='ltr'><strong>teneret</strong></span> <span class='ocrx_word' id='word_1_121' title='bbox 1999 1345 2125 1397; x_wconf 90' lang='lat' dir='ltr'><strong>quae</strong></span> <span class='ocrx_word' id='word_1_122' title='bbox 2149 1327 2355 1378; x_wconf 89' lang='lat' dir='ltr'><strong>haberet</strong></span> <span class='ocrx_word' id='word_1_123' title='bbox 2378 1330 2451 1396; x_wconf 94' lang='lat' dir='ltr'><strong>(p.</strong></span> <span class='ocrx_word' id='word_1_124' title='bbox 2466 1329 2576 1394; x_wconf 82' lang='lat'><strong>83)·,</strong></span> 
     </span>
     <span class='ocr_line' id='line_1_14' title="bbox 458 1407 2584 1481; baseline -0 -20"><span class='ocrx_word' id='word_1_125' title='bbox 458 1412 817 1472; x_wconf 79' lang='lat' dir='ltr'><strong>Halonnesum,</strong></span> <span class='ocrx_word' id='word_1_126' title='bbox 857 1427 1007 1480; x_wconf 87' lang='lat' dir='ltr'><strong>quam</strong></span> <span class='ocrx_word' id='word_1_127' title='bbox 1040 1407 1237 1480; x_wconf 84' lang='lat' dir='ltr'><strong>piratae</strong></span> <span class='ocrx_word' id='word_1_128' title='bbox 1252 1411 1476 1462; x_wconf 87' lang='lat' dir='ltr'><strong>Sostrato</strong></span> <span class='ocrx_word' id='word_1_129' title='bbox 1501 1414 1776 1481; x_wconf 76' lang='lat' dir='ltr'><strong>eripuisset,</strong></span> <span class='ocrx_word' id='word_1_130' title='bbox 1814 1415 1873 1462; x_wconf 86' lang='lat' dir='ltr'><strong>iis</strong></span> <span class='ocrx_word' id='word_1_131' title='bbox 1897 1429 1951 1462; x_wconf 90' lang='lat' dir='ltr'><strong>se</strong></span> <span class='ocrx_word' id='word_1_132' title='bbox 1975 1411 2112 1462; x_wconf 90' lang='lat' dir='ltr'><strong>dono</strong></span> <span class='ocrx_word' id='word_1_133' title='bbox 2138 1412 2284 1473; x_wconf 69' lang='lat' dir='ltr'><strong>dare,</strong></span> <span class='ocrx_word' id='word_1_134' title='bbox 2321 1423 2584 1479; x_wconf 86' lang='lat' dir='ltr'><strong>ceteraque</strong></span> 
     </span>
     <span class='ocr_line' id='line_1_15' title="bbox 402 1493 2582 1565; baseline -0.001 -18"><span class='ocrx_word' id='word_1_135' title='bbox 402 1502 408 1506; x_wconf 80' lang='grc'><strong>“</strong></span> <span class='ocrx_word' id='word_1_136' title='bbox 455 1495 643 1565; x_wconf 85' lang='lat' dir='ltr'><strong>singula</strong></span> <span class='ocrx_word' id='word_1_137' title='bbox 689 1493 905 1546; x_wconf 88' lang='lat' dir='ltr'><strong>exhibet.</strong></span> <span class='ocrx_word' id='word_1_138' title='bbox 971 1493 1165 1546; x_wconf 90' lang='lat' dir='ltr'><strong>Sensim</strong></span> <span class='ocrx_word' id='word_1_139' title='bbox 1210 1497 1492 1563; x_wconf 86' lang='lat' dir='ltr'><strong>sensimque</strong></span> <span class='ocrx_word' id='word_1_140' title='bbox 1534 1510 1823 1564; x_wconf 86' lang='lat' dir='ltr'><strong>persuasum</strong></span> <span class='ocrx_word' id='word_1_141' title='bbox 1865 1495 2050 1545; x_wconf 86' lang='lat' dir='ltr'><strong>habere</strong></span> <span class='ocrx_word' id='word_1_142' title='bbox 2093 1493 2386 1565; x_wconf 91' lang='lat' dir='ltr'><strong>Philippum</strong></span> <span class='ocrx_word' id='word_1_143' title='bbox 2431 1511 2582 1564; x_wconf 91' lang='lat' dir='ltr'><strong>opor-</strong></span> 
     </span>
     <span class='ocr_line' id='line_1_16' title="bbox 454 1578 2583 1649; baseline -0.001 -17"><span class='ocrx_word' id='word_1_144' title='bbox 454 1582 566 1642; x_wconf 89' lang='lat' dir='ltr'><strong>tuit,</strong></span> <span class='ocrx_word' id='word_1_145' title='bbox 613 1597 867 1647; x_wconf 89' lang='lat' dir='ltr'><strong>nunquam</strong></span> <span class='ocrx_word' id='word_1_146' title='bbox 902 1581 1082 1629; x_wconf 86' lang='lat' dir='ltr'><strong>arctius</strong></span> <span class='ocrx_word' id='word_1_147' title='bbox 1116 1581 1210 1629; x_wconf 87' lang='lat' dir='ltr'><strong>sibi</strong></span> <span class='ocrx_word' id='word_1_148' title='bbox 1244 1582 1522 1629; x_wconf 87' lang='lat' dir='ltr'><strong>coniunctis</strong></span> <span class='ocrx_word' id='word_1_149' title='bbox 1554 1578 1940 1630; x_wconf 83' lang='lat' dir='ltr'><strong>Atheniensibus</strong></span> <span class='ocrx_word' id='word_1_150' title='bbox 1975 1582 2049 1630; x_wconf 88' lang='lat' dir='ltr'><strong>uti</strong></span> <span class='ocrx_word' id='word_1_151' title='bbox 2083 1597 2248 1648; x_wconf 87' lang='lat' dir='ltr'><strong>posse,</strong></span> <span class='ocrx_word' id='word_1_152' title='bbox 2295 1584 2583 1649; x_wconf 90' lang='lat' dir='ltr'><strong>priusquam</strong></span> 
     </span>
     <span class='ocr_line' id='line_1_17' title="bbox 455 1661 2578 1733; baseline -0.001 -17"><span class='ocrx_word' id='word_1_153' title='bbox 455 1664 595 1716; x_wconf 91' lang='lat' dir='ltr'><strong>clade</strong></span> <span class='ocrx_word' id='word_1_154' title='bbox 629 1674 830 1731; x_wconf 90' lang='lat' dir='ltr'><strong>accepta</strong></span> <span class='ocrx_word' id='word_1_155' title='bbox 865 1661 927 1713; x_wconf 89' lang='lat' dir='ltr'><strong>de</strong></span> <span class='ocrx_word' id='word_1_156' title='bbox 960 1662 1152 1732; x_wconf 83' lang='lat' dir='ltr'><strong>fastigio</strong></span> <span class='ocrx_word' id='word_1_157' title='bbox 1188 1661 1366 1714; x_wconf 89' lang='lat' dir='ltr'><strong>deiecti</strong></span> <span class='ocrx_word' id='word_1_158' title='bbox 1390 1674 1568 1713; x_wconf 89' lang='lat' dir='ltr'><strong>essent.</strong></span> <span class='ocrx_word' id='word_1_159' title='bbox 1622 1662 1731 1714; x_wconf 91' lang='lat' dir='ltr'><strong>Nec</strong></span> <span class='ocrx_word' id='word_1_160' title='bbox 1751 1664 1983 1733; x_wconf 87' lang='lat' dir='ltr'><strong>profecto</strong></span> <span class='ocrx_word' id='word_1_161' title='bbox 2007 1662 2447 1733; x_wconf 90' lang='lat' dir='ltr'><strong>reprehendendus</strong></span> <span class='ocrx_word' id='word_1_162' title='bbox 2472 1682 2578 1715; x_wconf 91' lang='lat' dir='ltr'><strong>esse</strong></span> 
     </span>
     <span class='ocr_line' id='line_1_18' title="bbox 456 1747 2582 1821; baseline 0 -20"><span class='ocrx_word' id='word_1_163' title='bbox 456 1749 675 1811; x_wconf 79' lang='lat' dir='ltr'><strong>videtur,</strong></span> <span class='ocrx_word' id='word_1_164' title='bbox 724 1747 861 1817; x_wconf 91' lang='lat' dir='ltr'><strong>quod</strong></span> <span class='ocrx_word' id='word_1_165' title='bbox 906 1751 1144 1799; x_wconf 89' lang='lat' dir='ltr'><strong>continuo</strong></span> <span class='ocrx_word' id='word_1_166' title='bbox 1189 1750 1403 1800; x_wconf 89' lang='lat' dir='ltr'><strong>irritatus</strong></span> <span class='ocrx_word' id='word_1_167' title='bbox 1446 1748 1683 1818; x_wconf 89' lang='lat' dir='ltr'><strong>paulatim</strong></span> <span class='ocrx_word' id='word_1_168' title='bbox 1725 1752 1935 1801; x_wconf 88' lang='lat' dir='ltr'><strong>maiores</strong></span> <span class='ocrx_word' id='word_1_169' title='bbox 1977 1749 2352 1801; x_wconf 87' lang='lat' dir='ltr'><strong>Atheniensium</strong></span> <span class='ocrx_word' id='word_1_170' title='bbox 2392 1752 2582 1821; x_wconf 16' lang='lat' dir='ltr'><strong>*civitati</strong></span> 
     </span>
    </p>
   </div>
   <div class='ocr_carea' id='block_1_3' title="bbox 368 1830 2582 1909">
    <p class='ocr_par' dir='ltr' id='par_1_3' title="bbox 368 1830 2582 1909">
     <span class='ocr_line' id='line_1_19' title="bbox 368 1830 2582 1909; baseline -0 -24"><span class='ocrx_word' id='word_1_171' title='bbox 368 1903 375 1909; x_wconf 16' lang='grc' dir='ltr'>ἢ</span> <span class='ocrx_word' id='word_1_172' title='bbox 457 1852 630 1906; x_wconf 91' lang='lat' dir='ltr'><strong>parare</strong></span> <span class='ocrx_word' id='word_1_173' title='bbox 671 1833 859 1884; x_wconf 87' lang='lat' dir='ltr'><strong>studuit</strong></span> <span class='ocrx_word' id='word_1_174' title='bbox 898 1830 1116 1883; x_wconf 87' lang='lat' dir='ltr'><strong>insidias.</strong></span> <span class='ocrx_word' id='word_1_175' title='bbox 1182 1833 1305 1881; x_wconf 87' lang='lat' dir='ltr'><strong>Mox</strong></span> <span class='ocrx_word' id='word_1_176' title='bbox 1345 1831 1619 1882; x_wconf 87' lang='lat' dir='ltr'><strong>Pherarum</strong></span> <span class='ocrx_word' id='word_1_177' title='bbox 1667 1850 1828 1884; x_wconf 89' lang='lat' dir='ltr'><strong>arcem</strong></span> <span class='ocrx_word' id='word_1_178' title='bbox 1872 1838 2131 1903; x_wconf 80' lang='lat' dir='ltr'><strong>occupavit</strong></span> <span class='ocrx_word' id='word_1_179' title='bbox 2176 1847 2227 1885; x_wconf 90' lang='lat' dir='ltr'><strong>et</strong></span> <span class='ocrx_word' id='word_1_180' title='bbox 2267 1836 2582 1885; x_wconf 89' lang='lat' dir='ltr'><strong>Ambraciam</strong></span> 
     </span>
    </p>
   </div>
   <div class='ocr_carea' id='block_1_4' title="bbox 457 1917 2586 2071">
    <p class='ocr_par' dir='ltr' id='par_1_4' title="bbox 457 1917 2586 2071">
     <span class='ocr_line' id='line_1_20' title="bbox 457 1917 1042 1991; baseline -0.007 -21"><span class='ocrx_word' id='word_1_181' title='bbox 457 1937 705 1991; x_wconf 81' lang='lat' dir='ltr'><strong>aggressus</strong></span> <span class='ocrx_word' id='word_1_182' title='bbox 739 1929 825 1969; x_wconf 89' lang='lat' dir='ltr'><strong>est</strong></span> <span class='ocrx_word' id='word_1_183' title='bbox 846 1919 921 1986; x_wconf 87' lang='lat' dir='ltr'><strong>(p.</strong></span> <span class='ocrx_word' id='word_1_184' title='bbox 936 1917 1042 1982; x_wconf 84' lang='grc'><strong>84).</strong></span> 
     </span>
     <span class='ocr_line' id='line_1_21' title="bbox 646 1971 2586 2071; baseline 0 -18"><span class='ocrx_word' id='word_1_185' title='bbox 646 2000 983 2071; x_wconf 87' lang='lat' dir='ltr'><strong>Cogitandum</strong></span> <span class='ocrx_word' id='word_1_186' title='bbox 1017 2012 1181 2050; x_wconf 91' lang='lat' dir='ltr'><strong>autem</strong></span> <span class='ocrx_word' id='word_1_187' title='bbox 1216 2011 1306 2061; x_wconf 88' lang='lat' dir='ltr'><strong>est,</strong></span> <span class='ocrx_word' id='word_1_188' title='bbox 1345 2000 1468 2050; x_wconf 90' lang='lat' dir='ltr'><strong>haec</strong></span> <span class='ocrx_word' id='word_1_189' title='bbox 1490 1971 1596 2050; x_wconf 88' lang='lat' dir='ltr'><strong>tum</strong></span> <span class='ocrx_word' id='word_1_190' title='bbox 1624 2000 1833 2050; x_wconf 87' lang='lat' dir='ltr'><strong>Athenis</strong></span> <span class='ocrx_word' id='word_1_191' title='bbox 1868 2004 1944 2068; x_wconf 81' lang='lat' dir='ltr'><strong>agi</strong></span> <span class='ocrx_word' id='word_1_192' title='bbox 1980 2001 2192 2051; x_wconf 89' lang='lat' dir='ltr'><strong>dissidiis</strong></span> <span class='ocrx_word' id='word_1_193' title='bbox 2226 2002 2497 2053; x_wconf 81' lang='lat' dir='ltr'><strong>factionum</strong></span> <span class='ocrx_word' id='word_1_194' title='bbox 2533 2007 2586 2053; x_wconf 90' lang='lat' dir='ltr'><strong>in</strong></span> 
     </span>
    </p>
   </div>
   <div class='ocr_carea' id='block_1_5' title="bbox 457 2082 2616 2838">
    <p class='ocr_par' dir='ltr' id='par_1_5' title="bbox 457 2082 2616 2838">
     <span class='ocr_line' id='line_1_22' title="bbox 460 2082 2616 2158; baseline -0.002 -19"><span class='ocrx_word' id='word_1_195' title='bbox 460 2089 562 2139; x_wconf 87' lang='lat' dir='ltr'><strong>dies</strong></span> <span class='ocrx_word' id='word_1_196' title='bbox 597 2087 930 2158; x_wconf 80' lang='lat' dir='ltr'><strong>gliscentibus.</strong></span> <span class='ocrx_word' id='word_1_197' title='bbox 991 2085 1181 2134; x_wconf 88' lang='lat' dir='ltr'><strong>Tamen</strong></span> <span class='ocrx_word' id='word_1_198' title='bbox 1221 2100 1397 2153; x_wconf 85' lang='lat' dir='ltr'><strong>parum</strong></span> <span class='ocrx_word' id='word_1_199' title='bbox 1439 2082 1503 2133; x_wconf 93' lang='lat' dir='ltr'><strong>de</strong></span> <span class='ocrx_word' id='word_1_200' title='bbox 1539 2086 1598 2132; x_wconf 89' lang='lat' dir='ltr'><strong>iis</strong></span> <span class='ocrx_word' id='word_1_201' title='bbox 1633 2095 1841 2133; x_wconf 90' lang='lat' dir='ltr'><strong>constat.</strong></span> <span class='ocrx_word' id='word_1_202' title='bbox 1905 2083 2078 2134; x_wconf 89' lang='lat' dir='ltr'><strong>Causis</strong></span> <span class='ocrx_word' id='word_1_203' title='bbox 2112 2087 2314 2153; x_wconf 84' lang='lat' dir='ltr'><strong>privatis</strong></span> <span class='ocrx_word' id='word_1_204' title='bbox 2350 2104 2454 2148; x_wconf 92' lang='lat' dir='ltr'><strong>eos,</strong></span> <span class='ocrx_word' id='word_1_205' title='bbox 2497 2090 2584 2155; x_wconf 93' lang='lat' dir='ltr'><strong>qui</strong></span> <span class='ocrx_word' id='word_1_206' title='bbox 2614 2114 2616 2116; x_wconf 91' lang='lat'>·</span> 
     </span>
     <span class='ocr_line' id='line_1_23' title="bbox 457 2168 2583 2239; baseline -0.001 -15"><span class='ocrx_word' id='word_1_207' title='bbox 457 2186 513 2224; x_wconf 93' lang='lat' dir='ltr'><strong>ut</strong></span> <span class='ocrx_word' id='word_1_208' title='bbox 547 2174 834 2223; x_wconf 87' lang='lat' dir='ltr'><strong>amicissima</strong></span> <span class='ocrx_word' id='word_1_209' title='bbox 875 2172 977 2239; x_wconf 88' lang='lat' dir='ltr'><strong>regi</strong></span> <span class='ocrx_word' id='word_1_210' title='bbox 1018 2168 1298 2238; x_wconf 89' lang='lat' dir='ltr'><strong>respublica</strong></span> <span class='ocrx_word' id='word_1_211' title='bbox 1333 2179 1462 2219; x_wconf 87' lang='lat' dir='ltr'><strong>esset</strong></span> <span class='ocrx_word' id='word_1_212' title='bbox 1496 2170 1787 2239; x_wconf 89' lang='lat' dir='ltr'><strong>cupiebant,</strong></span> <span class='ocrx_word' id='word_1_213' title='bbox 1834 2171 2058 2220; x_wconf 85' lang='lat' dir='ltr'><strong>insectati</strong></span> <span class='ocrx_word' id='word_1_214' title='bbox 2094 2187 2198 2220; x_wconf 90' lang='lat' dir='ltr'><strong>esse</strong></span> <span class='ocrx_word' id='word_1_215' title='bbox 2231 2170 2462 2221; x_wconf 83' lang='lat' dir='ltr'><strong>videntur</strong></span> <span class='ocrx_word' id='word_1_216' title='bbox 2497 2172 2583 2221; x_wconf 91' lang='lat' dir='ltr'><strong>ad·</strong></span> 
     </span>
     <span class='ocr_line' id='line_1_24' title="bbox 458 2253 2584 2325; baseline -0.001 -16"><span class='ocrx_word' id='word_1_217' title='bbox 458 2260 657 2310; x_wconf 82' lang='lat' dir='ltr'><strong>versarii</strong></span> <span class='ocrx_word' id='word_1_218' title='bbox 691 2258 835 2325; x_wconf 87' lang='lat' dir='ltr'><strong>regis,</strong></span> <span class='ocrx_word' id='word_1_219' title='bbox 876 2258 963 2325; x_wconf 91' lang='lat' dir='ltr'><strong>qui</strong></span> <span class='ocrx_word' id='word_1_220' title='bbox 997 2253 1149 2305; x_wconf 90' lang='lat' dir='ltr'><strong>iidem</strong></span> <span class='ocrx_word' id='word_1_221' title='bbox 1171 2254 1379 2305; x_wconf 89' lang='lat' dir='ltr'><strong>stimulis</strong></span> <span class='ocrx_word' id='word_1_222' title='bbox 1403 2253 1699 2324; x_wconf 86' lang='lat' dir='ltr'><strong>quibusdam</strong></span> <span class='ocrx_word' id='word_1_223' title='bbox 1722 2257 1904 2305; x_wconf 83' lang='lat' dir='ltr'><strong>civium</strong></span> <span class='ocrx_word' id='word_1_224' title='bbox 1927 2257 2101 2306; x_wconf 90' lang='lat' dir='ltr'><strong>animis</strong></span> <span class='ocrx_word' id='word_1_225' title='bbox 2125 2254 2341 2306; x_wconf 87' lang='lat' dir='ltr'><strong>studium</strong></span> <span class='ocrx_word' id='word_1_226' title='bbox 2364 2257 2522 2307; x_wconf 89' lang='lat' dir='ltr'><strong>belli</strong></span> <span class='ocrx_word' id='word_1_227' title='bbox 2509 2276 2584 2307; x_wconf 86' lang='lat' dir='ltr'><strong>m-</strong></span> 
     </span>
     <span class='ocr_line' id='line_1_25' title="bbox 459 2338 2585 2424; baseline -0.001 -29"><span class='ocrx_word' id='word_1_228' title='bbox 459 2344 703 2395; x_wconf 87' lang='lat' dir='ltr'><strong>serebant.</strong></span> <span class='ocrx_word' id='word_1_229' title='bbox 755 2342 911 2410; x_wconf 90' lang='lat' dir='ltr'><strong>Atqui</strong></span> <span class='ocrx_word' id='word_1_230' title='bbox 942 2339 1170 2391; x_wconf 89' lang='lat' dir='ltr'><strong>Eubulus</strong></span> <span class='ocrx_word' id='word_1_231' title='bbox 1203 2341 1257 2390; x_wconf 92' lang='lat' dir='ltr'><strong>in</strong></span> <span class='ocrx_word' id='word_1_232' title='bbox 1289 2356 1414 2410; x_wconf 92' lang='lat' dir='ltr'><strong>pace</strong></span> <span class='ocrx_word' id='word_1_233' title='bbox 1449 2338 1755 2424; x_wconf 67' lang='lat' dir='ltr'><strong>observanda</strong></span> <span class='ocrx_word' id='word_1_234' title='bbox 1790 2350 2016 2391; x_wconf 87' lang='lat' dir='ltr'><strong>strenuus</strong></span> <span class='ocrx_word' id='word_1_235' title='bbox 2039 2340 2238 2392; x_wconf 88' lang='lat' dir='ltr'><strong>silentio</strong></span> <span class='ocrx_word' id='word_1_236' title='bbox 2261 2344 2412 2410; x_wconf 88' lang='lat' dir='ltr'><strong>magis</strong></span> <span class='ocrx_word' id='word_1_237' title='bbox 2437 2360 2585 2411; x_wconf 92' lang='lat' dir='ltr'><strong>quam</strong></span> 
     </span>
     <span class='ocr_line' id='line_1_26' title="bbox 458 2424 2583 2497; baseline -0.001 -17"><span class='ocrx_word' id='word_1_238' title='bbox 458 2445 657 2480; x_wconf 90' lang='lat' dir='ltr'><strong>rumore</strong></span> <span class='ocrx_word' id='word_1_239' title='bbox 693 2424 921 2477; x_wconf 88' lang='lat' dir='ltr'><strong>studiosis</strong></span> <span class='ocrx_word' id='word_1_240' title='bbox 954 2425 1079 2476; x_wconf 90' lang='lat' dir='ltr'><strong>belli</strong></span> <span class='ocrx_word' id='word_1_241' title='bbox 1113 2427 1309 2488; x_wconf 89' lang='lat' dir='ltr'><strong>resistit,</strong></span> <span class='ocrx_word' id='word_1_242' title='bbox 1357 2436 1408 2477; x_wconf 92' lang='lat' dir='ltr'><strong>et</strong></span> <span class='ocrx_word' id='word_1_243' title='bbox 1440 2436 1547 2476; x_wconf 91' lang='lat' dir='ltr'><strong>tota</strong></span> <span class='ocrx_word' id='word_1_244' title='bbox 1581 2442 1656 2488; x_wconf 89' lang='lat' dir='ltr'><strong>ea,</strong></span> <span class='ocrx_word' id='word_1_245' title='bbox 1703 2444 1819 2495; x_wconf 90' lang='lat' dir='ltr'><strong>qua,</strong></span> <span class='ocrx_word' id='word_1_246' title='bbox 1865 2436 1923 2477; x_wconf 92' lang='lat' dir='ltr'><strong>ut</strong></span> <span class='ocrx_word' id='word_1_247' title='bbox 1958 2429 2093 2477; x_wconf 90' lang='lat' dir='ltr'><strong>omni</strong></span> <span class='ocrx_word' id='word_1_248' title='bbox 2126 2437 2352 2496; x_wconf 87' lang='lat' dir='ltr'><strong>tempore</strong></span> <span class='ocrx_word' id='word_1_249' title='bbox 2386 2428 2583 2497; x_wconf 92' lang='lat' dir='ltr'><strong>populo</strong></span> 
     </span>
     <span class='ocr_line' id='line_1_27' title="bbox 460 2511 2581 2582; baseline -0 -18"><span class='ocrx_word' id='word_1_250' title='bbox 460 2531 598 2565; x_wconf 87' lang='lat' dir='ltr'><strong>carus</strong></span> <span class='ocrx_word' id='word_1_251' title='bbox 621 2522 951 2582; x_wconf 86' lang='lat' dir='ltr'><strong>acceptusque</strong></span> <span class='ocrx_word' id='word_1_252' title='bbox 973 2511 1085 2573; x_wconf 86' lang='lat' dir='ltr'><strong>fuit,</strong></span> <span class='ocrx_word' id='word_1_253' title='bbox 1122 2512 1356 2562; x_wconf 82' lang='lat' dir='ltr'><strong>utebatur</strong></span> <span class='ocrx_word' id='word_1_254' title='bbox 1378 2513 1686 2573; x_wconf 89' lang='lat' dir='ltr'><strong>auctoritate,</strong></span> <span class='ocrx_word' id='word_1_255' title='bbox 1727 2514 1948 2580; x_wconf 83' lang='lat' dir='ltr'><strong>quamvis</strong></span> <span class='ocrx_word' id='word_1_256' title='bbox 1978 2528 2253 2573; x_wconf 88' lang='lat' dir='ltr'><strong>senescens,</strong></span> <span class='ocrx_word' id='word_1_257' title='bbox 2291 2512 2390 2562; x_wconf 90' lang='lat' dir='ltr'><strong>illis</strong></span> <span class='ocrx_word' id='word_1_258' title='bbox 2413 2524 2581 2582; x_wconf 91' lang='lat' dir='ltr'><strong>patro-</strong></span> 
     </span>
     <span class='ocr_line' id='line_1_28' title="bbox 460 2595 2582 2666; baseline -0.001 -16"><span class='ocrx_word' id='word_1_259' title='bbox 460 2603 666 2659; x_wconf 87' lang='lat' dir='ltr'><strong>cinatur,</strong></span> <span class='ocrx_word' id='word_1_260' title='bbox 714 2599 801 2666; x_wconf 90' lang='lat' dir='ltr'><strong>qui</strong></span> <span class='ocrx_word' id='word_1_261' title='bbox 837 2599 994 2665; x_wconf 89' lang='lat' dir='ltr'><strong>quieti</strong></span> <span class='ocrx_word' id='word_1_262' title='bbox 1028 2595 1350 2666; x_wconf 86' lang='lat' dir='ltr'><strong>indulgebant</strong></span> <span class='ocrx_word' id='word_1_263' title='bbox 1390 2598 1544 2666; x_wconf 90' lang='lat' dir='ltr'><strong>inque</strong></span> <span class='ocrx_word' id='word_1_264' title='bbox 1579 2613 1634 2646; x_wconf 92' lang='lat' dir='ltr'><strong>ea</strong></span> <span class='ocrx_word' id='word_1_265' title='bbox 1669 2598 2023 2659; x_wconf 80' lang='lat' dir='ltr'><strong>connivehant,</strong></span> <span class='ocrx_word' id='word_1_266' title='bbox 2071 2614 2361 2666; x_wconf 88' lang='lat' dir='ltr'><strong>persuasum</strong></span> <span class='ocrx_word' id='word_1_267' title='bbox 2394 2597 2582 2648; x_wconf 91' lang='lat' dir='ltr'><strong>habens</strong></span> 
     </span>
     <span class='ocr_line' id='line_1_29' title="bbox 462 2679 2581 2754; baseline 0 -19"><span class='ocrx_word' id='word_1_268' title='bbox 462 2703 574 2736; x_wconf 84' lang='lat' dir='ltr'><strong>cum</strong></span> <span class='ocrx_word' id='word_1_269' title='bbox 607 2682 706 2745; x_wconf 88' lang='lat' dir='ltr'><strong>his,</strong></span> <span class='ocrx_word' id='word_1_270' title='bbox 745 2680 1036 2751; x_wconf 90' lang='lat' dir='ltr'><strong>Philippum</strong></span> <span class='ocrx_word' id='word_1_271' title='bbox 1069 2680 1202 2732; x_wconf 91' lang='lat' dir='ltr'><strong>haud</strong></span> <span class='ocrx_word' id='word_1_272' title='bbox 1236 2683 1304 2733; x_wconf 91' lang='lat' dir='ltr'><strong>ita</strong></span> <span class='ocrx_word' id='word_1_273' title='bbox 1338 2680 1539 2734; x_wconf 88' lang='lat' dir='ltr'><strong>hostilia</strong></span> <span class='ocrx_word' id='word_1_274' title='bbox 1572 2679 1799 2733; x_wconf 79' lang='lat' dir='ltr'><strong>adversus</strong></span> <span class='ocrx_word' id='word_1_275' title='bbox 1833 2680 2080 2751; x_wconf 89' lang='lat' dir='ltr'><strong>populum</strong></span> <span class='ocrx_word' id='word_1_276' title='bbox 2115 2684 2321 2745; x_wconf 90' lang='lat' dir='ltr'><strong>sentire,</strong></span> <span class='ocrx_word' id='word_1_277' title='bbox 2368 2683 2455 2734; x_wconf 88' lang='lat' dir='ltr'><strong>sed</strong></span> <span class='ocrx_word' id='word_1_278' title='bbox 2490 2701 2581 2754; x_wconf 89' lang='lat' dir='ltr'><strong>po-</strong></span> 
     </span>
     <span class='ocr_line' id='line_1_30' title="bbox 459 2766 2581 2838; baseline 0 -19"><span class='ocrx_word' id='word_1_279' title='bbox 459 2773 557 2820; x_wconf 90' lang='lat' dir='ltr'><strong>tius</strong></span> <span class='ocrx_word' id='word_1_280' title='bbox 591 2771 725 2838; x_wconf 88' lang='lat' dir='ltr'><strong>ipsos</strong></span> <span class='ocrx_word' id='word_1_281' title='bbox 759 2766 1087 2818; x_wconf 87' lang='lat' dir='ltr'><strong>Athenienses</strong></span> <span class='ocrx_word' id='word_1_282' title='bbox 1121 2770 1184 2818; x_wconf 91' lang='lat' dir='ltr'><strong>ab</strong></span> <span class='ocrx_word' id='word_1_283' title='bbox 1221 2769 1502 2818; x_wconf 87' lang='lat' dir='ltr'><strong>oratoribus</strong></span> <span class='ocrx_word' id='word_1_284' title='bbox 1537 2767 1724 2835; x_wconf 87' lang='lat' dir='ltr'><strong>aliquot</strong></span> <span class='ocrx_word' id='word_1_285' title='bbox 1758 2769 1994 2818; x_wconf 87' lang='lat' dir='ltr'><strong>excitatos</strong></span> <span class='ocrx_word' id='word_1_286' title='bbox 2030 2785 2145 2818; x_wconf 89' lang='lat' dir='ltr'><strong>eum</strong></span> <span class='ocrx_word' id='word_1_287' title='bbox 2178 2767 2438 2819; x_wconf 88' lang='lat' dir='ltr'><strong>lacessere.</strong></span> <span class='ocrx_word' id='word_1_288' title='bbox 2486 2770 2581 2820; x_wconf 91' lang='lat' dir='ltr'><strong>Ita-</strong></span> 
     </span>
    </p>
   </div>
   <div class='ocr_carea' id='block_1_6' title="bbox 460 2980 2582 3248">
    <p class='ocr_par' dir='ltr' id='par_1_6' title="bbox 460 2980 2582 3248">
     <span class='ocr_line' id='line_1_31' title="bbox 517 2980 2580 3040; baseline -0 -15"><span class='ocrx_word' id='word_1_289' title='bbox 517 2981 612 3037; x_wconf 63' lang='grc' dir='ltr'><strong>(ω)</strong></span> <span class='ocrx_word' id='word_1_290' title='bbox 653 2983 779 3040; x_wconf 85' lang='lat' dir='ltr'><strong>Legas</strong></span> <span class='ocrx_word' id='word_1_291' title='bbox 813 2995 910 3037; x_wconf 82' lang='lat' dir='ltr'><strong>quae</strong></span> <span class='ocrx_word' id='word_1_292' title='bbox 940 2980 989 3024; x_wconf 88' lang='lat' dir='ltr'><strong>de</strong></span> <span class='ocrx_word' id='word_1_293' title='bbox 1017 2980 1077 3023; x_wconf 87' lang='lat' dir='ltr'><strong>his</strong></span> <span class='ocrx_word' id='word_1_294' title='bbox 1107 2982 1188 3039; x_wconf 84' lang='lat' dir='ltr'><strong>agit</strong></span> <span class='ocrx_word' id='word_1_295' title='bbox 1217 2982 1436 3025; x_wconf 86' lang='lat' dir='ltr'><strong>orationem</strong></span> <span class='ocrx_word' id='word_1_296' title='bbox 1466 2983 1513 3024; x_wconf 88' lang='lat' dir='ltr'><strong>de</strong></span> <span class='ocrx_word' id='word_1_297' title='bbox 1541 2981 1779 3033; x_wconf 85' lang='lat' dir='ltr'><strong>Halonneso‚</strong></span> <span class='ocrx_word' id='word_1_298' title='bbox 1816 2989 1857 3023; x_wconf 89' lang='lat' dir='ltr'><strong>et</strong></span> <span class='ocrx_word' id='word_1_299' title='bbox 1892 2982 2099 3037; x_wconf 86' lang='lat' dir='ltr'><strong>epistolam</strong></span> <span class='ocrx_word' id='word_1_300' title='bbox 2126 2981 2296 3037; x_wconf 87' lang='lat' dir='ltr'><strong>Philippi</strong></span> <span class='ocrx_word' id='word_1_301' title='bbox 2331 2982 2500 3023; x_wconf 87' lang='lat' dir='ltr'><strong>orationi</strong></span> <span class='ocrx_word' id='word_1_302' title='bbox 2530 2983 2580 3024; x_wconf 89' lang='lat' dir='ltr'><strong>de</strong></span> 
     </span>
     <span class='ocr_line' id='line_1_32' title="bbox 462 3048 2582 3106; baseline -0 -14"><span class='ocrx_word' id='word_1_303' title='bbox 462 3063 509 3096; x_wconf 63' lang='lat' dir='ltr'><strong>ea</strong></span> <span class='ocrx_word' id='word_1_304' title='bbox 526 3050 678 3094; x_wconf 80' lang='lat' dir='ltr'><strong>habitae</strong></span> <span class='ocrx_word' id='word_1_305' title='bbox 698 3050 897 3093; x_wconf 83' lang='lat' dir='ltr'><strong>adiectam.</strong></span> <span class='ocrx_word' id='word_1_306' title='bbox 925 3048 1226 3092; x_wconf 80' lang='lat' dir='ltr'><strong>cf.Winiewski</strong></span> <span class='ocrx_word' id='word_1_307' title='bbox 1245 3049 1377 3105; x_wconf 81' lang='lat' dir='ltr'><strong>p.140</strong></span> <span class='ocrx_word' id='word_1_308' title='bbox 1390 3064 1448 3106; x_wconf 82' lang='lat' dir='ltr'><strong>sq.</strong></span> <span class='ocrx_word' id='word_1_309' title='bbox 1464 3072 1517 3082; x_wconf 92' lang='lat'>—</span> <span class='ocrx_word' id='word_1_310' title='bbox 1535 3050 1728 3105; x_wconf 85' lang='lat' dir='ltr'><strong>Droysen.</strong></span> <span class='ocrx_word' id='word_1_311' title='bbox 1748 3049 1851 3105; x_wconf 85' lang='lat' dir='ltr'><strong>p.93</strong></span> <span class='ocrx_word' id='word_1_312' title='bbox 1873 3051 2092 3092; x_wconf 83' lang='lat' dir='ltr'><strong>orationem</strong></span> <span class='ocrx_word' id='word_1_313' title='bbox 2111 3050 2160 3091; x_wconf 89' lang='lat' dir='ltr'><strong>de</strong></span> <span class='ocrx_word' id='word_1_314' title='bbox 2180 3049 2348 3090; x_wconf 85' lang='lat' dir='ltr'><strong>Halonn.</strong></span> <span class='ocrx_word' id='word_1_315' title='bbox 2369 3049 2498 3092; x_wconf 90' lang='lat' dir='ltr'><strong>hieme</strong></span> <span class='ocrx_word' id='word_1_316' title='bbox 2518 3058 2582 3091; x_wconf 90' lang='lat' dir='ltr'><strong>aut</strong></span> 
     </span>
     <span class='ocr_line' id='line_1_33' title="bbox 460 3115 2579 3173; baseline 0 -15"><span class='ocrx_word' id='word_1_317' title='bbox 460 3130 555 3159; x_wconf 78' lang='lat' dir='ltr'><strong>vere</strong></span> <span class='ocrx_word' id='word_1_318' title='bbox 584 3118 651 3159; x_wconf 88' lang='lat'><strong>01.</strong></span> <span class='ocrx_word' id='word_1_319' title='bbox 667 3119 762 3161; x_wconf 82' lang='lat'><strong>109.</strong></span> <span class='ocrx_word' id='word_1_320' title='bbox 779 3119 821 3171; x_wconf 82' lang='lat'><strong>2,</strong></span> <span class='ocrx_word' id='word_1_321' title='bbox 849 3119 934 3160; x_wconf 87' lang='lat' dir='ltr'><strong>init.</strong></span> <span class='ocrx_word' id='word_1_322' title='bbox 963 3131 996 3158; x_wconf 90' lang='lat' dir='ltr'><strong>a.</strong></span> <span class='ocrx_word' id='word_1_323' title='bbox 1012 3116 1094 3158; x_wconf 78' lang='lat'><strong>342</strong></span> <span class='ocrx_word' id='word_1_324' title='bbox 1124 3117 1307 3169; x_wconf 80' lang='lat' dir='ltr'><strong>collocat,</strong></span> <span class='ocrx_word' id='word_1_325' title='bbox 1336 3120 1520 3173; x_wconf 84' lang='lat' dir='ltr'><strong>quoniam</strong></span> <span class='ocrx_word' id='word_1_326' title='bbox 1548 3117 1802 3173; x_wconf 85' lang='lat' dir='ltr'><strong>expeditionis</strong></span> <span class='ocrx_word' id='word_1_327' title='bbox 1830 3118 1873 3158; x_wconf 92' lang='lat' dir='ltr'><strong>in</strong></span> <span class='ocrx_word' id='word_1_328' title='bbox 1891 3117 2136 3159; x_wconf 81' lang='lat' dir='ltr'><strong>Ambraciam</strong></span> <span class='ocrx_word' id='word_1_329' title='bbox 2164 3117 2303 3169; x_wconf 81' lang='lat' dir='ltr'><strong>factae,</strong></span> <span class='ocrx_word' id='word_1_330' title='bbox 2331 3115 2503 3158; x_wconf 77' lang='lat' dir='ltr'><strong>no&#39;ndum</strong></span> <span class='ocrx_word' id='word_1_331' title='bbox 2521 3126 2579 3158; x_wconf 89' lang='lat' dir='ltr'><strong>ta-</strong></span> 
     </span>
     <span class='ocr_line' id='line_1_34' title="bbox 462 3184 2507 3248; baseline -0.001 -22"><span class='ocrx_word' id='word_1_332' title='bbox 462 3198 552 3226; x_wconf 88' lang='lat' dir='ltr'><strong>men</strong></span> <span class='ocrx_word' id='word_1_333' title='bbox 581 3185 798 3227; x_wconf 85' lang='lat' dir='ltr'><strong>Thracicae</strong></span> <span class='ocrx_word' id='word_1_334' title='bbox 825 3187 974 3227; x_wconf 88' lang='lat' dir='ltr'><strong>mentio</strong></span> <span class='ocrx_word' id='word_1_335' title='bbox 1002 3186 1129 3237; x_wconf 82' lang='lat' dir='ltr'><strong>fieret,</strong></span> <span class='ocrx_word' id='word_1_336' title='bbox 1157 3199 1270 3240; x_wconf 82' lang='lat' dir='ltr'><strong>quam</strong></span> <span class='ocrx_word' id='word_1_337' title='bbox 1296 3185 1420 3227; x_wconf 87' lang='lat' dir='ltr'><strong>Diod.</strong></span> <span class='ocrx_word' id='word_1_338' title='bbox 1435 3185 1601 3227; x_wconf 82' lang='lat' dir='ltr'><strong>xv1.71</strong></span> <span class='ocrx_word' id='word_1_339' title='bbox 1632 3199 1733 3225; x_wconf 88' lang='lat' dir='ltr'><strong>anno</strong></span> <span class='ocrx_word' id='word_1_340' title='bbox 1761 3184 1845 3226; x_wconf 84' lang='lat'><strong>342</strong></span> <span class='ocrx_word' id='word_1_341' title='bbox 1875 3186 2065 3242; x_wconf 85' lang='lat' dir='ltr'><strong>Sosigene</strong></span> <span class='ocrx_word' id='word_1_342' title='bbox 2094 3184 2218 3226; x_wconf 86' lang='lat' dir='ltr'><strong>Arch.</strong></span> <span class='ocrx_word' id='word_1_343' title='bbox 2246 3186 2462 3248; x_wconf 67' lang='lat' dir='ltr'><strong>assignavit.</strong></span> <span class='ocrx_word' id='word_1_344' title='bbox 2495 3210 2507 3221; x_wconf 64' lang='lat'><em>-</em></span> 
     </span>
    </p>
   </div>
   <div class='ocr_carea' id='block_1_7' title="bbox 519 3275 2582 3340">
    <p class='ocr_par' dir='ltr' id='par_1_7' title="bbox 519 3275 2582 3340">
     <span class='ocr_line' id='line_1_35' title="bbox 519 3275 2582 3340; baseline 0 -22"><span class='ocrx_word' id='word_1_345' title='bbox 519 3275 611 3332; x_wconf 67' lang='lat'>(³²⁶)</span> <span class='ocrx_word' id='word_1_346' title='bbox 653 3278 769 3320; x_wconf 75' lang='lat' dir='ltr'><strong>Dein.</strong></span> <span class='ocrx_word' id='word_1_347' title='bbox 798 3295 840 3319; x_wconf 83' lang='grc' dir='ltr'><strong>π.</strong></span> <span class='ocrx_word' id='word_1_348' title='bbox 868 3295 1035 3338; x_wconf 73' lang='grc' dir='ltr'><strong>παραπρ.</strong></span> <span class='ocrx_word' id='word_1_349' title='bbox 1064 3279 1207 3334; x_wconf 80' lang='lat' dir='ltr'><strong>p.447.</strong></span> <span class='ocrx_word' id='word_1_350' title='bbox 1242 3280 1312 3322; x_wconf 85' lang='lat' dir='ltr'><strong>cfr.</strong></span> <span class='ocrx_word' id='word_1_351' title='bbox 1342 3289 1383 3322; x_wconf 90' lang='lat' dir='ltr'><strong>et</strong></span> <span class='ocrx_word' id='word_1_352' title='bbox 1410 3281 1568 3336; x_wconf 82' lang='lat' dir='ltr'><strong>Ulpiani</strong></span> <span class='ocrx_word' id='word_1_353' title='bbox 1592 3279 1717 3340; x_wconf 74' lang='lat' dir='ltr'><strong>schol.</strong></span> <span class='ocrx_word' id='word_1_354' title='bbox 1746 3279 1795 3320; x_wconf 85' lang='lat' dir='ltr'><strong>ad</strong></span> <span class='ocrx_word' id='word_1_355' title='bbox 1823 3278 1861 3319; x_wconf 82' lang='lat' dir='ltr'><strong>h.</strong></span> <span class='ocrx_word' id='word_1_356' title='bbox 1879 3280 1905 3320; x_wconf 89' lang='lat' dir='ltr'><strong>l.</strong></span> <span class='ocrx_word' id='word_1_357' title='bbox 1936 3280 2028 3321; x_wconf 89' lang='lat' dir='ltr'><strong>edit.</strong></span> <span class='ocrx_word' id='word_1_358' title='bbox 2058 3278 2236 3322; x_wconf 88' lang='lat' dir='ltr'><strong>Dobson.</strong></span> <span class='ocrx_word' id='word_1_359' title='bbox 2266 3278 2407 3333; x_wconf 87' lang='lat' dir='ltr'><strong>p.131.</strong></span> <span class='ocrx_word' id='word_1_360' title='bbox 2436 3277 2582 3333; x_wconf 80' lang='lat' dir='ltr'><strong>p-157.</strong></span> 
     </span>
    </p>
   </div>
  </div>
 </body>
</html>
