3375 4043
464 379 570 415 esse
604 361 829 431 legimus3
866 359 1314 423 dum-Aeschines,
1333 359 1398 412 <id
1433 361 1570 431 quod
1606 362 1833 423 omnino,
1870 362 1966 411 nisi
2001 378 2029 410 a
2061 361 2255 430 populo
2285 361 2347 413 ad
2381 361 2585 432 legatio·

463 454 566 500 nes?
586 446 819 517 publicas
848 449 1109 500 crearunt
1137 445 1245 510 jvel-
1264 447 1335 496 ab
1363 444 1656 499 adversariis·
1681 445 2016 507 invaderetur,
2056 446 2231 514 agebat
2246 449 2383 521 (Ψ),
2421 451 2585 518 priva-

460 545 569 584 tum
604 550 656 584 se
690 545 844 596 tenet,
881 537 955 584 ita
976 528 1447 583 -utDemosthenes
1466 536 1642 585 merito
1662 534 1882 604 argu-'ere
1915 529 2160 594 videatur,
2199 542 2364 582 tacere
2383 531 2582 583 Aeschi-

420 621 422 624 ’
462 621 665 671 nemin
695 616 1152 684 adamantinus.
1170 616 1371 670 fortuna
1404 617 1492 685 (de
1526 636 1630 671 cor.
1661 619 1897 691 p2328.).

466 737 469 739 -
511 746 516 750 .
546 727 551 740 ε
592 701 1031 763 .,2Demosth'eues‚
1068 700 1347 772 siquidem
1378 707 1701 774 scriptoribus
1732 707 1867 757 vitae
1890 701 2043 763 fidem
2070 704 2329 764 habemus,
2371 721 2397 752 a
2422 706 2587 772 pueris

462 791 693 852 omnibus
723 788 911 841 viribus
943 785 995 838 id
1035 790 1262 859 expetiit,
1307 787 1447 841 utin
1480 789 1593 843 foro
1629 803 1680 843 et
1714 782 1887 842 'rostris
1930 788 2140 859 gloriam
2176 801 2227 841 et
2267 791 2455 858 insigne
2498 806 2587 839 no·

460 892 578 926 mm
600 876 1025 942 consequen-etun
1041 872 1488 935 certe·adolescens
1513 876 1601 928 lite
1628 874 1860 929 adversus
1889 886 2081 927 tutores
2107 872 2328 945 perfidos
2355 884 2477 933 acta,
2501 872 2586 924 de-

459 956 578 1010 inde
614 959 918 1011 orationihus
950 976 1045 1030 pro
1081 958 1188 1011 aliis
1222 958 1494 1012 scribendis
1528 963 1720 1031 optime·
1748 962 1845 1012 sibi
1877 962 2204 1032 praeparabat
2236 963 2365 1013 viam
2388 971 2585 1030 tempo·

461 1045 597 1097 ribus
631 1044 747 1109 illis,
797 1046 978 1114 quibus
1011 1044 1119 1098 sola
1154 1060 1216 1097 ex
1251 1044 1537 1113 eloquentia
1571 1044 1781 1096 Athenis
1817 1045 2074 1099 celebritas
2109 1058 2159 1099 et
2194 1048 2454 1099 auctoritas
2491 1065 2584 1115 pu-

459 1132 590 1181 blica
633 1133 977 1200 quaerebatur.
1012 1174 1018 1177 .
1049 1130 1388 1199 Proposuerat
1426 1133 1573 1198 igitur
1614 1132 1709 1180 sihi
1752 1129 1904 1179 finem
1950 1150 2099 1199 quem
2141 1134 2393 1199 spectabat
2434 1145 2483 1180 et
2525 1131 2586 1179 ad

461 1234 610 1286 quem
657 1219 807 1267 rectis
852 1215 1025 1267 smdiis
1072 1213 1425 1266 contendebat.
1503 1212 1669 1279 Quem
1718 1227 1958 1285 quantum
2006 1228 2299 1267 consecutus
2348 1220 2410 1266 sit
2466 1233 2585 1286 prae

462 1301 706 1366 omnibus,
740 1303 859 1351 satis
880 1310 1087 1351 constat.
1138 1300 1294 1365 Quasi
1318 1312 1542 1352 centrum
1566 1299 1820 1371 quoddam
1844 1312 1963 1361 erat,
1997 1304 2048 1351 in
2078 1300 2214 1371 quod
2247 1306 2411 1361 ceteri,
2447 1305 2535 1370 qui
2558 1320 2586 1350 a

459 1386 684 1455 partibus
717 1385 930 1446 stabant,
959 1387 1251 1454 vergebant.
1322 1386 1569 1456 Uterque,
1608 1397 1659 1436 et
1682 1386 1961 1437 -Aeschines
1994 1386 2455 1446 etDemosthenes,
2495 1388 2585 1433 mi-

459 1473 639 1522 seriem
653 1469 966 1541 reipublicae
995 1469 1370 1522 Atheniensium
1396 1467 1666 1541 perspe'xitz
1691 1470 2020 1523 ‘alte'rumen
2046 1468 2255 1540 perinde
2282 1487 2340 1522 ac
2360 1469 2585 1522 Phocion

458 1572 575 1605 mox
596 1571 814 1605 omnem
832 1564 834 1566 “
850 1571 990 1623 spem
1020 1557 1208 1618 abiicit,
1255 1558 1519 1607 civitatem⁷
1540 1552 1805 1606 ascendere
1837 1572 1987 1626 posse
2023 1554 2084 1606 ad
2121 1554 2425 1625 dignitatem,
2466 1555 2589 1604 alter

458 1655 547 1709 spe
592 1649 782 1704 erectus
827 1636 1087 1688 meliorem
1126 1648 1309 1689 statum
1347 1654 1513 1689 rerum
1555 1639 1755 1691 efficere
1796 1639 1980 1702 studet3
2025 1640 2296 1691 Aeschines
2339 1640 2582 1708 desperat,

459 1723 599 1774 bello
633 1736 713 1772 res
746 1723 926 1790 corrigi
959 1739 1125 1791 posse,
1162 1722 1525 1784 Demosthenes
1557 1725 1611 1774 in
1646 1722 1786 1774 bello
1819 1726 2017 1775 unicam
2052 1725 2196 1793 ponit
2230 1741 2390 1793 spem3
2431 1741 2581 1791 quam

460 1810 529 1858 ob
562 1824 668 1858 rem
701 1809 769 1856 in.
789 1806 1021 1856 omnibus
1052 1807 1377 1857 concionibus
1405 1806 1609 1855 betium·
1620 1807 1833 1874 profert,
1870 1809 2063 1858 bellum
2091 1802 2265 1857 contra
2289 1808 2582 1877 Philippum

459 1910 642 1964 regem,
679 1891 768 1942 ilie
801 1906 977 1960 pacem
1011 1887 1201 1940 suadet.
1273 1888 1448 1959 Itaque
1483 1888 1867 1953 Demosthenes,
1908 1907 2022 1941 cum
2055 1893 2108 1941 in
2144 1889 2381 1942 desidiam
2407 1893 2585 1942 civium

459 1977 725 2040 invehitur,
759 1978 820 2027 'ut
845 1973 906 2026 ad
933 1973 1280 2046 expeditiones
1295 1973 1542 2026 faciendas
1565 1974 1874 2039 cohortetur,
1914 1975 2123 2027 alterum
2150 1987 2200 2028 et
2228 1994 2313 2028 eos
2343 1979 2429 2047 qui
2455 1976 2588 2029 idem

460 2082 575 2115 cum
597 2080 660 2115 eo
686 2064 964 2114 sentiebant
986 2059 1209 2112 adoritur
1224 2072 1275 2112 et
1294 2058 1522 2121 offendit,
1561 2059 1830 2112 Aeschines
1849 2071 2017 2112 tuetur
2033 2072 2083 2112 et
2110 2060 2334 2113 defendit
2358 2080 2411 2113 se
2437 2075 2587 2133 atque

459 2149 591 2201 illos.
664 2146 933 2198 Aeschines
967 2146 1229 2215 prioribus-
1250 2144 1397 2196 bellis
1430 2155 1618 2196 temere
1651 2143 1804 2197 illatis
1833 2148 2253 2216 pertinaciterque
2288 2151 2433 2216 gestis
2465 2151 2582 2200 civi·

458 2244 609 2285 tatem
642 2235 696 2283 in
727 2230 907 2295 malam
931 2230 1061 2281 hanc
1083 2229 1419 2282 conditionem
1443 2232 1725 2301 pervenisse
1750 2240 1939 2294 censet,
1978 2230 2095 2282 ideo
2122 2248 2149 2282 a
2173 2234 2444 2284 maioribus
2468 2251 2584 2303 pru·

461 2318 678 2369 dentiam
701 2314 1134 2377 discendam'esse,
1149 2318 1250 2384 qui
1274 2317 1474 2377 nonnisi
1500 2317 1630 2366 inter
1642 2332 1821 2389 pacem
1846 2315 2129 2367 floruissent
2156 2317 2355 2368 fortuna
2384 2320 2585 2386 opibus-

461 2420 581 2472 que3
616 2400 981 2452 Demosthenes
1002 2399 1195 2470 proelia
1222 2400 1466 2451 maiorum
1494 2399 1557 2450 ad
1583 2399 1946 2463 Marathonem,
1986 2400 2231 2453 Salamina
2257 2415 2420 2453 cetera
2446 2420 2581 2452 com—

460 2497 703 2539 memorat
716 2493 719 2497 ’
732 2485 999 2549 cohortans
1026 2485 1376 2548 Athenienses,
1415 2496 1490 2535 ut-
1505 2487 1812 2553 imitarenuir
1831 2484 2058 2556 ‘exempla
2081 2486 2466 2555 praeclarissima
2492 2505 2581 2556 pa·

459 2585 591 2624 trum
624 2574 892 2633 victorum,
923 2569 1296 2641 florentemque
1322 2582 1375 2621 et
1396 2570 1660 2624 honestum
1686 2573 1875 2640 patriae
1901 2581 2079 2621 statum
2105 2574 2441 2622 restituerent.
2481 2572 2582 2623 Ita·

462 2675 560 2728 que
601 2655 966 2708 Demosthenes
1005 2658 1181 2726 spiritu
1222 2655 1392 2708 divino
1426 2659 1650 2707 incensus
1681 2654 1870 2725 lapsam
1913 2657 2162 2707 civitatem
2198 2658 2388 2726 erigere
2425 2661 2583 2707 omni-

459 2745 554 2794 bus
587 2742 770 2794 viribus
805 2740 1124 2811 consiliisque
1158 2740 1341 2804 studet,
1380 2759 1587 2812 eamque
1622 2742 1687 2791 ob
1712 2758 1907 2809 causam
1935 2744 2103 2792 omnia
2131 2745 2363 2811 exquirit,
2405 2745 2584 2811 quibus

462 2827 763 2879 adversarios
804 2827 857 2875 in
874 2814 1233 2898 &suspicionem
1266 2826 1639 2879 Atheniensium
1678 2822 1926 2877 adducere
1960 2836 2152 2897 posset,
2190 2826 2459 2878 Aeschines
2492 2845 2580 2877 no-

460 2916 594 2964 mine
627 2930 800 2964 eorum
835 2915 921 2981 qui
952 2898 1066 2982 paci
1097 2898 1347 2976 favebant,
1385 2904 1500 2964 cum
1534 2912 1639 2964 talis
1673 2910 1823 2962 ardor
1857 2911 2069 2976 deesset,
2108 2912 2193 2977 illa
2226 2914 2331 2982 ipsa
2366 2924 2578 2963 coercet.

462 2996 606 3061 Quae
632 3015 774 3050 causa
798 3014 902 3048 esse
926 2996 1047 3046 mihi
1070 2996 1283 3058 videtur,
1323 3016 1413 3048 cur
1435 2996 1745 3058 contendam,
1770 2996 2166 3049 Demosthenem
2193 2997 2415 3047 inflatum
2438 2998 2584 3066 plura

460 3084 722 3135 mentitum
758 3099 862 3134 esse
899 3099 1046 3151 quam
1074 3079 1392 3145 Aeschinem;
1430 3082 1482 3140 id
1519 3080 1651 3152 quod
1687 3083 1930 3151 imprimis
1964 3081 2282 3151 intelligimus
2310 3099 2372 3133 ex
2399 3084 2579 3133 oratio·

518 3254 611 3309 (¹¹⁷)
654 3254 796 3297 Aesch.
825 3257 867 3296 in
896 3255 1003 3299 Ctes.
1032 3256 1210 3310 p.85.16
1230 3270 1314 3310 sqq.
