3375 4043
1783 199 1821 256 6

736 333 885 382 talem
920 339 1192 379 statuamus
1227 346 1274 379 a.
1297 331 1417 391 388,
1455 333 1492 379 i.
1516 346 1561 379 e.
1595 328 1680 378 01.
1702 327 1788 375 98.
1815 329 1838 374 1
1863 329 1979 393 (¹⁰).
2028 326 2110 376 De
2140 326 2414 397 puerilibus
2445 329 2549 377 eius
2577 331 2716 377 annis
2742 326 2870 377 nihil

736 417 1090 483 cognovimus3
1138 432 1253 466 nam
1293 413 1645 466 Demosthenis
1687 410 1830 460 illum
1874 411 2045 463 locum
2088 414 2184 477 (¹¹)
2232 412 2435 462 omnino
2479 414 2868 479 praetermittere

733 500 872 561 licet,
921 518 1025 569 quo
1068 500 1472 567 malignissimum
1516 508 1565 548 et
1604 494 2008 547 subdolissimum
2040 495 2434 547 Demosthenem
2473 486 2643 571 nullus
2673 496 2870 565 planius

734 596 969 646 ostentat,
1012 584 1346 653 eundemque,
1385 594 1442 634 ut
1464 600 1630 633 rerum
1654 579 1930 631 divinarum
1961 583 2199 632 maximus
2230 591 2548 650 contemptor
2577 590 2699 641 erat,
2739 578 2868 630 deri·

735 669 937 720 dentem
973 672 1204 739 mysteria
1239 687 1393 730 sacra,
1435 685 1578 737 quae,
1619 683 1771 735 quum
1807 668 1974 715 omnia
2007 657 2076 715 aclv
2104 657 2341 734 pietatem
2376 664 2584 718 deorum
2618 656 2869 734 pertinen·

732 759 819 816 tia,
859 754 1287 824 splendidissimis,
1326 757 1378 803 in
1408 770 1529 823 quas
1558 768 1679 821 opes
1704 749 1929 821 publicas
1956 750 2285 800 Athenienses
2313 749 2703 820 impendebant,
2723 758 2868 820 pom·

732 844 810 911 pis
847 843 1064 909 exceptis
1100 849 1471 908 spernerentur,
1518 840 1650 912 inter
1683 835 1857 905 vulgus
1891 846 1998 884 tum
2032 834 2353 885 vehementer
2388 835 2450 884 ad
2486 835 2759 907 ludibrium
2793 852 2869 885 re-

732 925 832 993 digi
867 934 1043 991 coepta
1081 932 1238 971 erant.
1296 920 1568 991 Sequimur
1602 920 1674 984 id,
1716 919 1852 991 quod
1887 922 1941 970 in
1973 919 2282 970 Plutarchea
2303 921 2401 969 vita
2438 908 2732 988 ceterisque
2750 920 2868 989 legi-

730 1024 863 1059 mus:
905 1004 969 1057 ἔτι
1003 1008 1110 1059 ταῖς
1146 1000 1202 1056 ὢν
1235 1003 1440 1058 ἐδίδασκε
1464 1001 1719 1079 ’γράμματα
1749 1003 1831 1057 σὺν
1859 1006 1921 1069 τῷ
1949 1002 2090 1077 πατρί
2108 1006 2225 1071 (¹²).
2280 999 2367 1055 Ῑιι
2376 1005 2449 1055 rei
2481 1004 2629 1072 igitur
2653 1003 2870 1054 familia-

728 1094 794 1143 ris
824 1093 1057 1160 angustiis
1082 1092 1396 1161 temporibus
1421 1089 1522 1142 illis
1548 1089 2029 1160 Peloponnesiacum
2055 1088 2246 1141 bellum
2272 1089 2469 1150 secutis,
2510 1087 2690 1156 quibus
2714 1085 2869 1138 Athe·

728 1180 924 1227 nienses
958 1175 1195 1226 subsidiis.
1225 1179 1478 1226 sociorum
1514 1177 1665 1236 exuti,
1706 1175 1911 1225 navibus
1948 1165 2435 1243 opibusquffludsti
2462 1171 2561 1222 vile
2590 1183 2739 1241 atque
2769 1175 2870 1221 exi·

727 1281 877 1332 guum
911 1264 1177 1331 imperium
1210 1262 1480 1322 habebant,
1529 1271 1579 1310 et
1614 1261 1955 1330 subrepentes,
2004 1273 2132 1329 quae
2168 1272 2342 1308 omnes
2377 1258 2475 1307 iam
2508 1269 2616 1308 tum
2651 1259 2870 1307 civitates

731 1348 950 1397 Graecas
983 1349 1203 1409 tenebat,
1252 1348 1682 1417 perturbationem
1725 1363 1890 1395 rerum
1932 1349 1985 1394 in
2022 1359 2166 1394 suum
2199 1362 2343 1393 usum
2379 1353 2669 1394 convertere
2703 1342 2869 1392 stude-

730 1435 870 1494 bant,
913 1450 941 1482 e
970 1434 1138 1501 pueris
1173 1435 1380 1482 excessit
1407 1431 1680 1487 Aeschines
1715 1448 1829 1480 cum
1861 1430 2097 1480 fratribus
2123 1427 2429 1481 Philochare‘
2452 1431 2639 1480 maiore
2672 1434 2793 1478 natu
2821 1439 2871 1477 et

730 1518 1008 1588 Aphobeto
1044 1520 1238 1568 minore
1277 1519 1392 1584 (¹³).
1458 1515 1998 1567 Pseudo-Plutarchus
2033 1516 2194 1565 solus:
2243 1510 2332 1564 νέος
2353 1510 2419 1560 si·-
2445 1506 2502 1559 ὢν
2535 1511 2612 1559 καὶ
2641 1507 2871 1584 ἕρῥωμένος

729 1604 793 1664 τῷ
828 1597 1009 1661 σώματι
1041 1600 1141 1672 περὶ
1173 1598 1233 1650 τὰ
1265 1597 1497 1661 γυμνάσια
1531 1596 1685 1661 ἐπόνει,
1733 1599 1869 1667 quod
1905 1588 2039 1647 unde
2074 1597 2308 1657 hauserit,
2349 1597 2442 1646 nisi
2473 1595 2606 1647 forte
2642 1612 2702 1645 ex
2733 1603 2868 1646 com·

727 1689 865 1735 muni
894 1685 1276 1736 Atheniensium
1312 1701 1452 1734 more
1487 1683 1550 1734 de
1586 1700 1676 1733 suo
1712 1681 1921 1742 addidit,
1960 1699 2065 1732 non
2094 1681 2258 1731 habeo
2290 1682 2402 1744 (¹4).
2452 1680 2750 1731 Aeschinem
2781 1699 2866 1730 au-

788 1882 866 1935 (¹⁰)
909 1881 1113 1922 Passovius
1143 1894 1293 1922 annum
1312 1879 1394 1920 393
1423 1880 1527 1921 unde
1557 1880 1757 1933 acceperit
1785 1880 1968 1934 ignorare
1997 1894 2060 1920 me
2081 1879 2221 1920 fateor.
2265 1879 2508 1920 Winiewski
2528 1894 2669 1921 comm.
2690 1881 2730 1920 in
2749 1882 2866 1922 Dem.

733 1959 832 1992 orat.
854 1950 903 1990 de
923 1962 1006 1989 cor.
1038 1946 1267 1988 Monasterii
1288 1945 1410 1987 1829.
1433 1960 1472 1999 p.
1481 1945 1555 1986 53:
1586 1944 1652 1986 01.
1670 1943 1735 1985 97.
1767 1958 1799 1985 a.
1816 1945 1843 1986 2
1863 1943 1926 1986 vel
1945 1944 1986 1986 3.
2017 1942 2182 1986 Clinton
2210 1945 2255 1986 F.
2273 1944 2379 1987 Heu.
2411 1945 2472 1987 ed.
2488 1945 2558 1987 ΚΓ.
2578 1946 2728 2001 p.181:
2757 1956 2866 1989 natus

733 2026 816 2060 erat
844 2016 1003 2059 circiter
1029 2013 1125 2056 389.

787 2095 864 2149 (¹¹)
906 2090 986 2152 περὶ
1016 2102 1132 2144 erup.
1159 2092 1291 2146 p.313
1311 2106 1369 2146 sq.
1429 2091 1558 2141 Quam
1584 2091 1691 2133 enim
1719 2104 1861 2145 anceps
1889 2091 1940 2133 sit
1967 2091 2044 2132 hoc
2073 2091 2167 2133 loco
2194 2091 2475 2134 Demosthenis
2502 2093 2613 2143 fides,
2642 2094 2864 2148 planissime

734 2165 877 2204 dudum
906 2162 1101 2215 praestitit
1125 2159 1348 2200 Lobeckius
1366 2158 1563 2214 Aglaoph.
1589 2158 1719 2212 p.664
1739 2173 1826 2211 sqq.
1854 2159 1958 2198 aliud
1987 2159 2196 2199 consilium
2224 2172 2476 2213 persequens·
2506 2181 2560 2190 —
2588 2160 2867 2201 Demosthenis

732 2232 863 2271 locum
904 2229 1212 2282 quotiescunque
1249 2226 1448 2282 legebam,
1483 2240 1636 2280 semper
1671 2227 1713 2266 in
1750 2233 1920 2266 mentem
1955 2226 2052 2266 mihi
2089 2225 2298 2266 veniebant
2331 2225 2452 2266 verba
2478 2228 2626 2268 Reiskii
2663 2242 2747 2283 egr.
2776 2230 2867 2278 viri,

733 2299 800 2351 qui
832 2298 921 2335 dum
952 2295 1136 2348 epistolas
1165 2294 1281 2333 Dem.
1311 2307 1512 2348 germanas
1542 2307 1623 2333 esse
1652 2292 1850 2343 defendit,
1886 2292 2001 2343 dixit,
2037 2292 2346 2334 Demosthenem
2374 2293 2415 2332 in
2441 2292 2503 2334 his
2531 2308 2612 2333 non
2641 2309 2725 2334 esse
2760 2296 2868 2345 „der

730 2363 908 2403 boshaste
938 2361 1177 2411 Chicaneur,
1208 2361 1280 2400 der
1307 2361 1415 2400 scine
1445 2359 1666 2415 geb’assige,
1696 2360 2089 2411 wetterwendische,
2124 2359 2417 2416 zanksiichtige,
2452 2360 2710 2415 sophistische
2739 2361 2865 2401 maff-

730 2444 857 2485 zunge
885 2429 928 2467 in
956 2428 1033 2468 den
1061 2428 1203 2469 Reden
1231 2442 1307 2468 nur
1333 2427 1498 2468 allzuofl
1524 2427 1649 2468 hiiren
1678 2427 1807 2468 laist-'²

787 2507 866 2561 (¹²)
910 2508 1054 2548 lisdem
1088 2509 1172 2548 fere
1208 2507 1340 2549 verbis
1368 2508 1484 2549 Phot-
1516 2509 1604 2548 cod.
1621 2507 1716 2547 264.
1760 2506 1994 2562 Apollonius
2022 2509 2137 2564 plane
2165 2509 2474 2549 Demosthenem
2503 2510 2529 2548 l.
2546 2524 2581 2549 c.
2611 2518 2764 2550 secutus
2795 2518 2865 2550 est.

730 2579 908 2616 Incertus
936 2577 1039 2614 vitae
1068 2577 1254 2628 scriptor:
1292 2571 1421 2625 ‹pao-2
1451 2570 1492 2614 δὲ
1522 2575 1637 2614 αὑτὸν
1663 2574 1789 2614 παῖδα
1816 2569 1882 2621 μὲν
1910 2570 2001 2614 ὄντα
2027 2577 2065 2614 ἰν
2093 2580 2149 2628 τῷ
2176 2573 2432 2627 διδασκαλείῳ
2458 2581 2530 2616 τοῦ
2554 2576 2698 2634 πατξιὸς
2725 2578 2866 2633 ὑπουρ-

732 2648 817 2695 γεῖν
845 2638 910 2681 καὶ
940 2646 986 2694 τῇ·
1013 2636 1118 2698 μητρὶ
1144 2639 1217 2682 τὰς
1244 2637 1417 2685 βῖβλους
1445 2638 1744 2695 ἀναγινώσκειν,
1780 2642 1829 2681 ad
1857 2658 1972 2696 quem
1995 2644 2130 2683 locum
2156 2643 2282 2684 bonus
2310 2644 2423 2684 Hier.
2443 2645 2621 2685 wolfius
2649 2646 2865 2685 annotavit:

731 2712 859 2762 „Hoc
894 2719 940 2749 ut
965 2708 1148 2749 sominae
1175 2705 1404 2749 temitateni
1430 2711 1577 2765 arguit,
1614 2711 1667 2750 ita
1695 2708 1850 2750 taudem
1884 2710 2038 2763 pietatis
2064 2720 2108 2752 et
2133 2710 2345 2751 industriae
2377 2712 2507 2765 potius
2535 2711 2722 2752 Aeschini
2751 2725 2865 2764 quam

730 2777 930 2819 insanum
966 2774 1155 2817 conciliat
1186 2774 1291 2829 apud
1327 2775 1510 2817 cordatos
1543 2777 1703 2830 quidem
1738 2776 1940 2828 homines,
1976 2778 2045 2831 qui
2079 2776 2276 2819 conmam
2312 2778 2460 2820 nmini
2487 2777 2753 2821 obiiciendam
2781 2792 2865 2820 esse

730 2854 912 2887 censent·
942 2851 986 2884 ut
1013 2841 1303 2884 Dernosthenes
1331 2842 1448 2884 etiam
1477 2843 1721 2886 confflem?
1750 2859 1793 2883 π.
1824 2853 1937 2895 στεφ.
1966 2844 2109 2899 Ρ.312.

787 2923 866 2977 (¹³)
910 2923 1044 2978 Apoll.
1075 2935 1099 2963 e
1128 2921 1246 2963 Dein.
1273 2937 1317 2961 π.
1343 2937 1513 2980 ‘trapam-p.
1541 2938 1580 2978 p.
1589 2923 1682 2966 415.
1721 2917 1956 2980 Φιλοχάρης.
1985 2923 2099 2965 Phot.
2129 2924 2279 2966 cod.61
2315 2921 2541 2982 Φιλόχαρες
2562 2925 2633 2966 Ps.
2663 2925 2764 2965 Plut.
2794 2940 2863 2966 ne-

730 2991 948 3047 gligenter:
977 2986 1081 3043 ἔσχε
1112 2984 1154 3030 δὲ
1182 2984 1248 3029 καὶ
1276 2987 1492 3041 ἀδελφοῦς,
1521 3007 1570 3033 ως
1597 3001 1650 3043 ψη
1630 3008 1714 3032 ’σιν
1742 2988 1872 3037 αὐτὸς,
1895 2984 2078 3043 Ἄφοβον
2104 2968 2426 3049 umxoe‘gm.

788 3068 866 3122 (¹⁴)
909 3069 1112 3109 Passovius
1140 3085 1179 3123 p.
1170 3068 1243 3109 .73
1274 3069 1430 3120 dicens,
1458 3069 1690 3112 Aeschinem
1717 3079 1913 3123 tamquam
1939 3071 2086 3111 tirones
2124 3071 2389 3112 instituentem
2416 3071 2612 3124 stipendio
2641 3080 2762 3112 artem
2789 3088 2861 3128 gy-

732 3136 958 3177 mnasticam
987 3136 1222 3187 exercuisse,
1250 3150 1340 3178 cum
1368 3144 1452 3177 not.
1468 3136 1495 3177 5
1522 3136 1617 3178 ibid.
1645 3139 1695 3180 ad
1723 3138 1826 3178 hunc
1856 3136 1958 3177 Plut.
1987 3138 2118 3179 locum
2146 3147 2187 3178 et
2215 3138 2263 3178 ad
2291 3137 2406 3179 Dein.
2428 3138 2478 3179 de
2498 3153 2581 3180 cor.
2610 3140 2738 3194 p.313
2765 3155 2862 3194 pro-

733 3204 898 3256 vocarit,
929 3203 1115 3258 equidem
1144 3204 1289 3260 ignoro
1318 3203 1556 3257 mehercule,
1586 3206 1650 3260 qui
1680 3206 1728 3248 ad
1757 3205 1856 3247 hanc
1884 3205 2114 3247 sententiam
2142 3206 2381 3260 pervenerit.
