3375 4043
1793 219 1868 281 32

763 353 954 403 bellum
987 350 1212 421 flagravit
1246 368 1458 414 sacrum,
1499 366 1600 420 quo
1633 351 1829 419 turpius
1863 349 2216 420 crudeliusque
2248 349 2444 401 nullum
2465 369 2687 424 unquam
2710 365 2899 425 gestum

764 449 835 488 est
848 476 861 499 ,
912 437 1156 508 quodque
1198 440 1392 489 ruinam
1433 433 1717 488 iamdudum
1762 433 2004 487 Graeciae
2043 438 2307 488 instantem
2348 434 2688 490 accelerabat-1
2744 439 2899 492 Athe-

761 526 961 574 nienses
998 536 1049 575 et
1083 522 1464 576 Lacedaemonii
1498 520 1592 572 soli
1628 536 1690 570 ex
1728 522 1963 573 omnibus
1991 520 2199 574 Graecis
2234 539 2261 573 a
2297 522 2520 592 partibus
2548 523 2902 592 ‘sacrilegorum

765 610 979 661 stabant.
1003 611 1126 676 (¹2⁷)
1195 609 1402 661 Interim
1434 605 1696 676 Philippus
1737 622 1765 656 e
1802 604 2014 658 dissidiis
2050 605 2361 660 Graecorum
2393 623 2537 661 suum
2569 598 2787 660 fluctum
2809 617 2900 659 ‘oa-

766 699 910 765 piens
943 693 1250 766 pedetentim
1289 695 1564 765 potentiam
1597 690 1723 743 adeo
1752 690 1992 754 extendit,
2030 702 2088 743 ut
2109 691 2250 744 bello
2277 692 2379 746 hoc
2401 691 2545 747 finito
2569 693 2903 763 principatum

766 785 1024 832 universae
1061 779 1300 830 Graeciae
1340 779 1490 848 plane
1525 788 1650 828 esset
1683 788 1949 827 assecutus.
2025 775 2112 827 Ol.
2140 778 2255 827 106.
2270 778 2398 828 3-4.
2437 795 2484 830 a.
2513 778 2758 830 354.-353
2791 778 2901 829 Me·

766 866 975 917 thonem
1017 876 1210 934 captam
1254 863 1430 924 diruit,
1479 861 1685 931 Pagasas
1725 863 1779 912 in
1824 879 1963 912 suam
2005 860 2248 913 ditionem
2280 860 2488 931 redegit.
2511 864 2637 930 (¹²⁸)
2704 863 2902 916 Deinde

765 954 912 1001 rebus
949 949 1232 999 Thessaliae
1268 950 1577 1018 compositis,
1615 959 1674 1000 ut
1699 946 1982 999 Phocenses
2008 946 2283 999 debellaret
2307 946 2368 998 ad
2397 947 2763 1019 Thermopylas
2785 969 2902 1020 pro-

763 1145 846 1187 355
876 1147 1140 1200 patrocinatus
1170 1155 1231 1188 est
1259 1146 1301 1188 in
1330 1146 1421 1203 lege
1450 1146 1501 1189 de
1530 1145 1723 1188 abolenda
1751 1145 1992 1188 immunitate
2021 1144 2193 1200 quamvis
2219 1144 2306 1200 ipse
2333 1143 2400 1188 illa'
2418 1144 2616 1200 praeditus
2635 1154 2748 1188 esset.
2785 1146 2902 1189 Dem.

763 1213 879 1266 Lept.
911 1212 1133 1266 p.501.24.
1172 1213 1224 1255 cf.
1254 1214 1350 1268 Ulp.
1379 1213 1505 1256 schol.
1541 1213 1590 1254 ad
1618 1212 1812 1267 p.508.8.
1841 1211 2168 1262 01.107.1;350
2194 1211 2465 1264 Philonicum,
2498 1211 2644 1257 Eubuli
2678 1214 2828 1257 socium
2862 1215 2904 1255 in

762 1280 820 1321 ius
849 1279 1026 1330 vocavit,
1063 1278 1255 1334 simulque
1290 1280 1411 1336 ipsius
1439 1278 1583 1322 Eubuli
1618 1277 1795 1322 facinora
1822 1279 2033 1322 accusavit:
2068 1278 2185 1323 Dem-
2213 1292 2380 1337 παραπρ.
2406 1292 2448 1335 p·
2456 1277 2612 1330 434.21
2652 1279 2704 1322 cf·
2732 1280 2828 1337 Ulp.
2857 1281 2904 1321 ad

767 1346 805 1386 h.
829 1347 855 1387 1.
921 1345 1178 1389 Adversarius
1213 1346 1389 1403 Philippi
1425 1347 1531 1404 regis
1568 1345 1688 1388 multa
1716 1345 1813 1392 fecit
1841 1346 2001 1389 decreta
2035 1353 2078 1388 et
2109 1345 2290 1389 societati
2326 1345 2606 1392 Thebanorum
2640 1347 2752 1389 savit:
2787 1348 2904 1390 Dem-

770 1414 820 1455 de
850 1427 933 1455 cor.
962 1413 1105 1462 248.8;
1131 1413 1275 1464 250.4;
1302 1414 1476 1456 281-18.
1513 1413 1656 1456 Aesch.
1686 1414 1729 1454 in
1756 1411 1865 1455 Ctes.
1899 1411 2095 1469 p.73.23.
2150 1413 2279 1456 Multo
2307 1421 2420 1456 antea
2447 1413 2704 1472 Hegesandro
2733 1414 2905 1471 impudi-

767 1482 899 1522 citiam
929 1481 1253 1536 exprobraverat:
1282 1481 1427 1523 Aesch.
1456 1482 1498 1522 in
1526 1482 1632 1522 Tim.
1662 1480 1828 1536 p.9.34.
1885 1480 1995 1533 Alio,
2024 1480 2130 1535 quod
2159 1480 2313 1523 definiri
2342 1477 2491 1535 nequit,
2519 1488 2709 1536 tempore
2728 1483 2905 1523 adsessor

768 1558 854 1591 erat
881 1548 1113 1591 Archontis:
1151 1548 1200 1589 A.
1231 1550 1273 1590 in
1302 1550 1408 1591 Tim.
1437 1548 1630 1606 p.22.34.
1688 1548 1837 1590 Videre
1867 1548 1961 1589 licet
1988 1561 2035 1588 ex
2062 1547 2135 1597 bis,
2170 1547 2337 1588 alacrem
2365 1546 2483 1588 fuisse
2508 1547 2834 1602 Arktophontem
2862 1548 2903 1588 in

764 1617 882 1657 rebus
910 1618 1113 1673 gerendis:
1155 1625 1195 1657 et
1223 1631 1338 1657 verus
1367 1617 1444 1657 dux
1471 1617 1609 1672 populi
1638 1615 1723 1665 fuit,
1751 1615 1818 1667 qm·
1833 1615 1930 1671 ‘ipse
1957 1612 2200 1668 gloriabatur
2225 1625 2269 1654 se
2297 1614 2517 1669 septuagies
2545 1615 2749 1669 quinquies
2778 1631 2904 1672 παρα-

763 1682 881 1729 νόμων
911 1693 1128 1723 accusatum
1158 1684 1276 1724 fuisse
1303 1684 1466 1735 (Aesch.
1496 1685 1537 1723 in
1567 1682 1675 1723 Ctes.
1706 1697 1745 1737 p.
1756 1682 1933 1733 81.39.).
1978 1679 2297 1734 concessumque
2325 1680 2364 1722 ei
2392 1678 2561 1723 fuisses
2588 1683 2739 1738 populo
2768 1681 2902 1726 dicere

763 1761 803 1792 et
831 1751 937 1792 ferre
967 1749 1159 1804 quidquid
1186 1749 1322 1801 vellet,
1351 1749 1576 1806 Hyperides
1607 1748 1704 1791 dixit
1731 1749 1773 1790 in
1802 1756 1900 1790 orat.
1930 1748 2016 1789 adv.
2034 1746 2377 1801 Aristophontem,
2405 1747 2539 1791 Schol.
2562 1750 2606 1791 in
2632 1749 2730 1791 Plat.
2752 1750 2902 1808 Theag.

764 1834 803 1872 p.
822 1817 918 1857 384.
950 1818 1012 1856 ed.
1040 1818 1137 1855 Bek.
1194 1816 1390 1856 Eubulum
1419 1817 1458 1856 ei
1487 1815 1749 1855 adversarium
1778 1814 1895 1854 fuisse
1924 1813 2272 1868 promptissimum,
2301 1814 2417 1855 etiam
2443 1815 2564 1857 verba
2590 1817 2707 1859 Dem.
2738 1819 2788 1859 de
2818 1832 2902 1859 cor.

766 1901 806 1938 p.
796 1884 896 1924 ‚281
919 1883 984 1922 fm-
1013 1890 1220 1922 testantur·
1247 1880 1538 1939 ’Δριποφάῖντα
1564 1876 1630 1920 καὶ
1657 1876 1774 1921 πάλιν
1802 1873 2006 1924 Εὔβουλον
2034 1901 2089 1912 —
2117 1874 2200 1937 περὶ
2227 1882 2300 1921 ταῖν
2328 1874 2458 1921 ἄλλων
2474 1879 2662 1927 πολλάκις
2686 1880 2882 1938 ἀντιλέγοι]
2865 1904 2903 1925 v-

767 1968 839 1992 τας
868 1951 933 1989 ἒαυ
960 1952 1013 1990 οῖς
1042 1951 1094 1988 εἰς
1123 1965 1187 1987 του
1166 1946 1246 1987 εἶ”ιθ
1274 1948 1536 2000 ὅμογνωμονου
1522 1950 1632 1988 'nac
1658 1943 1725 1986 oe’u'
1754 1947 1825 1998 (de
1853 1947 2042 1988 societate
2078 1962 2167 1989 cum
2196 1946 2395 1991 Thebanis
2422 1949 2624 2003 ineunda).
2681 1951 2807 1993 Etiam
2835 1953 2903 1995 ille

768 2019 834 2073 qui
872 2025 931 2059 est
964 2017 1005 2056 iu
1044 2029 1102 2056 or.
1134 2014 1231 2055 Mid.
1261 2029 1300 2070 p.
1290 2013 1407 2066 .,584
1415 2012 1483 2065 14,
1521 2012 1734 2069 Droyseno
1770 2012 1896 2055 invito
1924 2012 2155 2071 Azeniensis
2189 2013 2388 2056 habendus
2417 2029 2501 2059 esse
2529 2016 2704 2060 videtur·
2739 2018 2797 2060 Ου
2826 2019 2903 2078 γὰρ

767 2089 809 2127 ἐκ
838 2092 922 2126 πολι
924 2100 1003 2123 wer
984 2086 1027 2131 ἧς
1055 2083 1117 2122 αἰτ
1118 2077 1198 2128 ιάς,
1235 2078 1322 2122 ουδ’
1352 2097 1472 2138 meme
1497 2077 1737 2138 ἰΑρσ-τοφῶν
1764 2078 1935 2123 ἀποδους
1961 2096 2052 2123 τους
2080 2077 2299 2133 στεφάνους
2325 2077 2442 2123 ἔλυσε
2469 2082 2536 2133 τὴν
2562 2081 2779 2142 προβολην,
2817 2086 2903 2128 ἀλλ’

765 2172 801 2193 κ.
817 2160 899 2192 ιλ.
936 2151 983 2192 ad
1020 2164 1137 2204 quem
1173 2150 1251 2190 loc.
1288 2148 1411 2191 schol.
1448 2141 1573 2191 Ovs-oc
1608 2142 1823 2205 φορολόγος
1861 2165 1910 2188 ων
1937 2143 2116 2202 κατέσχε
2143 2148 2232 2207 παρ’
2261 2149 2370 2202 αὐτῷ·
2395 2148 2468 2193 τὰς
2496 2148 2666 2196 δεκάτας
2693 2158 2760 2202 τῆς
2787 2153 2904 2202 θεοῦ,

765 2220 834 2272 ἀφ’
867 2237 916 2259 ων
945 2214 1020 2258 εδει
1051 2233 1117 2257 <rte
1120 2211 1201 2267 φάν
1203 2231 1268 2259 ους
1295 2218 1449 2264 ποιῆσαι
1476 2211 1541 2255 καὶ
1568 2214 1774 2256 ἀναθεῖναι
1802 2217 1850 2268 τῇ
1876 2213 1972 2267 θεᾷ.
2000 2211 2285 2275 κατηγορηθιις
2313 2210 2356 2257 δε
2384 2233 2458 2259 vno
2477 2214 2699 2268 Εὐβούλου,
2728 2219 2904 2274 φθάσας

765 2287 832 2337 τὴν
871 2284 1033 2332 εἴιωςοδο
1069 2280 1213 2326 ἀνέθη
1191 2301 1232 2325 ο
1269 2301 1359 2327 τους
1395 2279 1632 2337 στεφάνους,
1666 2300 1732 2324 και
1767 2278 1958 2325 πέπαυται
1992 2285 2014 2334 ἦ
2051 2281 2241 2344 προβολή.
2309 2285 2426 2329 Dem.
2461 2303 2630 2347 παραπρ.
2666 2304 2705 2344 p.
2720 2289 2814 2332 436.
2829 2292 2903 2333 13:

759 2352 841 2397 Ἔτι
871 2373 911 2395 το
894 2352 967 2395 σι’νυ
947 2372 990 2394 uu
1020 2348 1153 2393 πολλοὶ
1181 2350 1268 2411 παρ’
1298 2352 1383 2431 υμῖν
1411 2347 1471 2392 ἐπὶ
1498 2355 1634 2411 καιρῶν
1663 2346 2072 2412 ‘ymo'vwoeo’uio-xvpoa',
2100 2350 2557 2413 Καλλίπρατοςέκεῒνος,
2584 2350 2708 2400 αὖθις
2733 2356 2812 2416 Ἀρι
2815 2374 2903 2399 στο-

764 2427 862 2475 φῶν,
896 2428 961 2462 Aac
943 2418 1070 2473 όφαντ
1071 2437 1124 2467 ος,
1160 2437 1202 2459 το
1204 2416 1252 2460 υ’τ
1254 2437 1302 2459 ων
1338 2414 1379 2459 s'r
1380 2436 1450 2478 ιροι
1488 2415 1581 2477 πρὸτ
1581 2436 1673 2477 ε.ρον
1703 2417 1809 2459 ἀλλὰ
1838 2423 1914 2458 ποῦ
1940 2416 2081 2460 τούτων
2108 2436 2271 2464 suae-rw
2298 2418 2523 2481 ἕπρῶτευινς
2561 2424 2681 2465 docet
2707 2435 2903 2466 mortuum

766 2492 843 2531 iam
871 2490 987 2530 finisse
1017 2503 1049 2529 a.
1070 2487 1153 2529 343
1183 2486 1526 2543 Aristophontem.
1571 2488 1719 2529 Verum
1749 2486 1908 2528 decreta
1937 2488 2017 2530 eius
2047 2488 2126 2530 duo
2147 2499 2430 2533 commemorat
2446 2490 2564 2533 Dan.
2585 2491 2635 2533 de
2655 2505 2739 2534 cor.
2760 2507 2798 2548 p.
2788 2492 2902 2534 2-48.

768 2558 865 2598 250.
896 2557 946 2597 cf.
977 2556 1024 2596 de
1054 2556 1223 2597 Halonn.
1254 2554 1600 2611 p.82.83.85.86.
1632 2570 1679 2597 ex
1706 2563 1888 2609 tempore
1916 2569 2051 2610 pacem
2080 2555 2147 2598 Ol.
2163 2556 2258 2598 108
2267 2556 2295 2598 3
2322 2567 2471 2600 secuto.
2528 2559 2742 2616 Deinceps,
2771 2569 2815 2601 ut
2842 2562 2902 2601 vi-

767 2625 897 2674 detur,
925 2623 1209 2664 Demosthenes
1237 2623 1396 2666 decreta
1424 2622 1559 2665 affert:
1589 2639 1700 2663 τουτο
1729 2617 1796 2669 μὶν
1824 2638 1879 2662 τοι
1874 2618 1945 2661 ’νυν
1972 2639 2014 2662 το
2042 2618 2242 2676 ψήφισμα
2267 2617 2472 2669 Βυβουλος
2498 2622 2693 2685 ιγραψιν,
2723 2644 2792 2668 ουκ
2811 2626 2904 2681 ἐγώ,

764 2689 808 2731 τὸ
839 2688 879 2731 δ’
910 2687 1036 2745 ἐφεξῖ
1012 2706 1056 2731 νς
1081 2688 1162 2747 ἰΑρ
1164 2692 1331 2741 στοφῶν,
1359 2684 1444 2730 εἶθ’
1472 2685 1731 2743 ‘Hyia-amoc,
1761 2682 1833 2729 ci’r
1860 2687 1940 2747 ἰΑρ
1944 2693 2096 2742 στοφάἶν
2124 2685 2255 2739 πάλιν,
2283 2685 2365 2732 εἶτα
2392 2690 2625 2752 Φιλοκράτης
2653 2724 2663 2734 .
2680 2724 2689 2735 .
2707 2724 2716 2734 .
2764 2695 2901 2738 Philo-

766 2759 883 2800 cratis
914 2758 1115 2800 decretum
1145 2764 1282 2798 contra
1310 2758 1417 2813 leges
1446 2759 1564 2800 latum
1593 2772 1723 2813 eoque
1742 2757 2000 2812 Amphipolin
2028 2759 2217 2811 amissam,
2245 2760 2476 2817 Hegesippo
2506 2763 2746 2805 contrarium
2775 2777 2822 2805 ex
2841 2778 2899 2805 or.

764 2828 815 2868 de
846 2825 936 2867 Hal.
967 2824 1235 2880 intelligimus.
1292 2825 1470 2867 Mortuus
1499 2826 1618 2882 igitur
1646 2834 1706 2869 est
1734 2826 1840 2868 inter
1869 2824 1934 2867 01.
1951 2825 2081 2868 108.3
2111 2834 2152 2869 et
2181 2826 2246 2869 01.
2262 2828 2406 2871 1093.
2453 2830 2533 2872 Per
2560 2830 2755 2886 sexaginta
2774 2840 2900 2874 autem

763 2908 886 2936 annos
915 2893 957 2934 in
987 2891 1104 2934 rebus
1134 2891 1319 2948 gerendis
1348 2893 1622 2936 versatissimus
1651 2893 1744 2943 fuit3
1773 2905 1873 2949 ergo
1902 2893 1988 2948 plus
2017 2895 2219 2951 octoginta
2247 2908 2367 2940 annos
2395 2905 2527 2940 natum
2556 2898 2661 2940 diem
2680 2912 2898 2953 supremum

766 2961 911 3003 obiisse
941 2968 1260 3002 consentaneum.

821 3038 917 3093 (¹²⁷)
962 3039 1028 3080 01.
1045 3039 1189 3089 107.1;
1218 3053 1252 3081 a.
1268 3039 1364 3080 351.
1394 3040 1574 3082 Nausicle
1603 3042 1702 3084 duce
1732 3040 1938 3097 quinquies
1965 3041 2071 3084 mille
2101 3043 2252 3097 pedites
2273 3053 2314 3086 et
2332 3045 2606 3101 quadringenti
2627 3047 2775 3099 equites
2795 3048 2894 3089 Pha-

763 3107 848 3163 yllo
878 3106 1139 3149 Phocensium
1168 3107 1353 3150 dictatori
1382 3106 1431 3149 ab
1459 3106 1759 3153 Atheniensibus
1788 3108 1930 3151 auxilio
1958 3110 2063 3152 missi
2091 3119 2191 3154 sunt.
2220 3112 2342 3154 Diod.
2363 3112 2558 3172 xv137„

818 3185 917 3241 (ιω)
960 3187 1083 3229 Diod.
1105 3188 1273 3241 XVL31
1297 3196 1338 3230 et
1355 3187 1423 3230 34.
1454 3188 1543 3231 vide
1572 3205 1679 3246 seqq·
