3375 4043
1809 166 1888 232 28

1783 296 1840 367 5.
1862 299 1913 349 4.

965 385 1243 440 Aeschines
1284 404 1312 438 a
1345 387 1513 457 pueris
1555 401 1667 438 cum
1706 379 1913 437 duriore
1946 384 2148 437 fortuna
2182 382 2492 437 conflictatus
2527 403 2708 456 magno
2740 387 2914 440 labore

776 473 1027 544 variisque
1061 474 1274 544 negotiis
1309 470 1509 543 agendis
1543 487 1604 522 ex
1636 479 1852 539 egestate
1887 481 2038 541 atque
2071 470 2284 548 ignobili
2314 470 2432 528 loco
2467 472 2683 523 emersit.
2744 472 2917 546 Ipsius

776 558 935 611 virilis
977 561 1149 611 aetatis
1193 558 1410 629 aliquam
1453 566 1644 634 partem
1684 556 1818 608 inter
1851 555 2052 610 labores
2084 559 2414 629 consumpsit3
2451 565 2556 609 erat
2585 557 2726 608 enim
2741 574 2918 628 prope

782 644 1106 714 quadraginta
1133 661 1291 695 annos
1318 655 1481 706 natus,
1521 660 1640 696 cum¹
1656 639 1834 695 ultima
1858 641 1978 694 feeit
2002 640 2248 712 stipendia
2274 644 2333 700 in
2353 642 2553 713 proelio
2575 640 2644 693 ⁴ad
2671 633 2919 713 Tamynas

782 733 1064 792 commisso,
1087 733 1140 781 in
1158 747 1261 800 quo
1280 731 1461 781 virtute
1476 747 1563 781 sua
1584 725 1831 779 excelluit.
1850 724 2068 799 ,Deinde
2092 725 2324 798 locuples
2346 727 2506 781 factus
2525 730 2701 799 virque
2726 737 2919 799 specta-

781 828 877 876 tus,
913 817 1146 884 coniugio
1182 832 1297 867 cum
1330 813 1515 866 familia
1539 812 1747 867 honesta
1774 828 1833 863 ac
1856 809 2007 865 divite
2032 812 2344 872 coniunctus,
2372 815 2474 866 vita
2501 811 2771 868 domestica
2799 812 2920 864 imis

781 913 880 964 tur,
920 899 1343 950 nobilissimorum
1378 900 1607 954 virorum,
1635 895 1995 953 consuetudine
2019 897 2202 951 utitur.
2273 896 2451 967 Itaque
2485 908 2743 968 tamquam-
2766 897 2921 952 homo

781 1001 938 1038 novus
972 982 1234 1038 habendus
1270 995 1344 1040 est
1377 982 1655 1040 Aeschines.
1685 985 1816 1041 iuter
1849 982 2064 1052 nobiles.
2135 983 2212 1036 Ac
2237 998 2354 1036 vere
2379 982 2737 1053 amplissimum
2763 985 2923 1037 civem

781 1069 897 1122 inde
932 1088 987 1121 se
1021 1071 1169 1138 gessit
1203 1089 1262 1121 ac
1290 1071 1647 1138 gravissimum,
1686 1072 1737 1127 in
1765 1068 1881 1124 foro
1908 1070 2143 1139 superbe,
2163 1066 2387 1130 adicit
2411 1066 2796 1129 Demosthenes,
2836 1068 2922 1118 de·

781 1155 1043 1206 cedentem
1107 1155 1339 1225 factaque,
1398 1154 1728 1209 multitudinis
1783 1166 2040 1224 tamquam
2099 1155 2388 1206 insanientis
2447 1151 2759 1206 illudentem.
2801 1154 2925 1221 (¹¹⁵)

781 1241 929 1293 Nunc
963 1259 1077 1292 cum
1111 1241 1263 1311 plane
1297 1240 1432 1293 belle
1467 1258 1521 1292 se
1555 1240 1783 1304 haberet,
1810 1242 1990 1294 *turbas
2023 1257 2191 1293 rerum
2216 1242 2370 1310 magis
2396 1238 2687 1303 detestatur,
2723 1257 2924 1311 rempu-

783 1327 967 1377 blicam
1000 1338 1225 1395 pacatam
1264 1343 1369 1376 esse
1406 1328 1563 1396 cupit3
1601 1323 1820 1395 ideoque
1854 1325 2088 1376 lubenter
2123 1324 2185 1375 ad
2213 1324 2471 1376 Eubulum
2499 1341 2552 1376 se
2580 1325 2815 1395 applicat,
2845 1327 2926 1376 cui

787 1411 1044 1463 beneficiis
1081 1411 1203 1462 olim
1239 1413 1455 1482 acceptis
1489 1422 1597 1469 erat
1629 1410 1838 1463 fortasse
1874 1409 2516 1463 oben-ictus.Facu1tatem
2540 1428 2679 1462 suam
2704 1408 2921 1471 dicendi,
2971 1422 2973 1424 ·

790 1514 940 1567 quam
982 1497 1242 1566 hucusque
1285 1513 1391 1547 non
1433 1498 1738 1558 exercitavit,
1785 1499 1838 1549 in
1873 1497 2130 1565 posterum
2173 1478 2363 1547 Eubuli
2404 1495 2623 1545 consiliis
2662 1494 2924 1562 perficien-

787 1581 881 1644 dis,
923 1598 1051 1650 quae
1087 1598 1201 1631 cum
1233 1582 1332 1630 suis
1367 1578 1542 1629 eadem
1577 1591 1709 1640 sunt,
1744 1575 2110 1633 accommodat.
2149 1579 2248 1644 agit
2279 1574 2555 1637 Eubulum,
2597 1577 2683 1645 qui
2714 1587 2819 1626 tum
2848 1592 2924 1627 se·

784 1666 1042 1725 uescebat,
1090 1664 1179 1714 ubi
1214 1666 1266 1713 in
1302 1664 1452 1713 rebus
1495 1663 1777 1716 forensibus
1811 1661 2101 1731 eloquentia
2135 1676 2265 1731 opus
2300 1670 2391 1712 est.
2464 1659 2594 1711 Nam
2630 1660 2927 1712 Aeschinem

783 1751 1064 1819 principem
1096 1764 1319 1816 unquam
1352 1746 1504 1799 ullius
1537 1746 1770 1798 factionis
1805 1763 1912 1797 esse
1941 1756 1992 1796 et
2014 1746 2237 1813 potuisse
2264 1755 2315 1796 et
2337 1744 2571 1807 voluisse,
2609 1763 2813 1815 prorsus
2837 1763 2924 1797 ne-

788 1832 1006 1905 gandum
1040 1834 1287 1893 existimo,
1327 1833 1592 1901 quoniam,
1630 1848 1746 1881 cum
1777 1828 2050 1880 Aeschines
2083 1845 2163 1880 res
2196 1827 2423 1900 publicas
2457 1828 2778 1895 administrat,
2817 1831 2925 1902 ple-

789 1934 1003 1989 rumque
1037 1915 1312 1979 Eubulum,
1351 1915 1656 1985 reipublicae
1689 1913 1934 1984 regendae
1960 1916 2329 1987 peritissimum,
2370 1925 2623 1968 auctorem
2648 1916 2731 1968 ’vel
2758 1928 2926 1987 patro·

791 2024 911 2057 num
942 2001 1185 2064 videmus3
1231 2018 1381 2069 quam
1422 2017 1584 2054 meam
1618 2001 1912 2050 sententiam
1947 2010 1998 2050 et
2031 2001 2140 2069 ipse
2173 1998 2444 2053 Aeschines
2479 2012 2530 2053 et
2562 2000 2928 2055 Demosthenes

790 2100 1045 2142 testantur.
1068 2089 1191 2156 (¹¹⁶)
1244 2083 1455 2137 Accedit
1489 2083 1627 2155 quod
1662 2094 1781 2155 post
1812 2083 2001 2135 Eubuli
2028 2094 2242 2137 mortem
2268 2082 2487 2136 studium
2513 2085 2761 2149 factionis,
2802 2105 2928 2157 quae

790 2174 1029 2244 Philippo
1074 2172 1223 2233 savit,
1269 2169 1443 2240 paullo
1478 2172 1684 2223 remittit
1716 2185 1880 2239 usque
1911 2167 1973 2221 ad
2010 2180 2208 2241 tempus
2241 2185 2459 2240 pugnam
2494 2169 2929 2234 Chaeroneensem

792 2264 1077 2327 insequens,
1126 2259 1254 2306 intra
1291 2272 1419 2324 quos
1454 2271 1608 2305 annos
1641 2272 1757 2323 pars
1792 2253 1924 2304 illius
1960 2254 2190 2307 factionis
2223 2253 2502 2308 conditioni
2533 2256 2841 2323 reipublicae
2875 2274 2940 2308 se,

791 2340 1209 2401 accommodavit,
1257 2350 1311 2391 ut
1351 2339 1558 2390 fortasse
1590 2338 1851 2390 Nausicles
1884 2338 2142 2391 Aeschinis
2177 2338 2452 2402 familiaris,
2502 2342 2583 2390 cui
2615 2342 2779 2391 statim
2812 2353 2930 2410 post

790 2429 1099 2498 pugnam-in
1141 2422 1348 2494 aliquod
1392 2436 1588 2494 tempus
1628 2421 2024 2474 moderationem
2065 2441 2233 2475 rerum
2274 2424 2588 2498 publicarum
2638 2428 2928 2495 permissam

850 2643 885 2698 (¹
892 2641 947 2697 ¹⁸)
988 2642 1104 2683 Dem.
1139 2658 1181 2682 π.
1210 2658 1375 2700 παραπρ.
1409 2656 1448 2698 p.
1464 2641 1561 2683 442:
1590 2642 1641 2683 cs.
1670 2657 1710 2698 p.
1728 2641 1825 2683 411.
1863 2641 1914 2682 cs.
1943 2639 2194 2684 Christodori
2229 2636 2435 2700 ἰκφραστις
2470 2643 2532 2697 (in
2559 2642 2722 2684 Anthol.
2754 2642 2827 2682 Gr
2864 2643 2925 2684 ed.

795 2711 972 2753 Tauchn.
1003 2725 1042 2764 p.
1053 2709 1141 2762 26).

849 2791 883 2846 (¹
890 2789 946 2845 ¹⁶)
988 2787 1133 2831 Aesch·
1162 2781 1244 2846 περὶ
1232 2783 1407 2846 πρεσβ·
1435 2802 1475 2844 P·
1465 2788 1551 2836 029·
1557 2788 1624 2832 13:
1652 2791 1720 2839 τῆς
1749 2782 1791 2829 δῖ
1818 2803 1999 2847 ”myope
1994 2785 2049 2833 ἀς
2076 2787 2394 2845 (Demosthenis)
2422 2787 2488 2839 τὴν
2515 2786 2697 2837 πλείστην
2727 2785 2926 2838 πεποίηται

791 2865 881 2901 Φιλο
864 2854 1049 2917 οκράτους
1075 2873 1141 2896 και
1170 2849 1269 2914 Φρύν
1250 2871 1319 2895 νων
1300 2871 1361 2898 νος
1387 2872 1452 2896 και
1480 2859 1552 2896 τῶν
1580 2851 1709 2898 ἄλλων
1738 2872 1884 2914 συμπρε
1868 2850 2031 2904 imo-Bw
2057 2872 2124 2897 nm
2151 2852 2353 2905 Φιλίππου,
2386 2852 2452 2900 καὶ
2478 2860 2548 2907 τῆς
2576 2852 2730 2917 εἷρῆνης,
2761 2852 2826 2897 καὶ
2853 2873 2927 2898 των

789 2933 843 2968 Ευ
832 2922 927 2972 ’ύβο
928 2933 998 2967 λου
1033 2918 1332 2972 πολιτευματων.
1370 2923 1441 2965 cfr.
1469 2924 1584 2966 finem
1612 2925 1650 2965 h.
1682 2932 1782 2967 orat.
1820 2927 2033 2981 παρωιαὶῶ
2059 2918 2102 2966 δε
2128 2916 2333 2970 Εὔβουλον
2365 2942 2432 2974 μιν
2464 2926 2509 2967 ἐκ
2535 2942 2611 2966 των
2637 2927 2836 2965 πολιτικων
2862 2942 2926 2966 και

793 2989 925 3050 σωφρό
929 3009 999 3032 ννω
1026 2989 1173 3048 ἀνδρῶν
1201 2985 1423 3048 συνήγορον.
1453 2991 1504 3032 cf.
1532 2991 1646 3032 Dem.
1674 3007 1716 3030 π.
1745 3005 1915 3049 παραπρ.
1944 3004 1983 3045 p.
1973 2990 2071 3032 .434
2085 3000 2143 3047 sq.
2173 2992 2223 3034 de
2252 3005 2337 3034 cor.
2365 3005 2405 3048 p.
2395 2992 2510 3034 281.
2539 2991 2612 3034 cfr.
2641 2991 2743 3033 Plut.
2771 2991 2820 3033 de
2839 2992 2924 3033 frat.

792 3076 866 3103 am.
887 3061 1059 3115 Lsupra
1087 3059 1215 3100 cieo}
1245 3051 1633 3138 δὲβίιοςχρώμινοι
1663 3052 1952 3141 διόαφροιςτόν
1979 3054 2198 3112 τεφθόννο
2225 3054 2462 3118 εκτρ’ποια·αι
2490 3054 2769 3117 καὶσννωιριγ
2749 3062 2832 3099 Utve·
2853 3058 2925 3100 ἆ)-

791 3125 936 3176 λῆλοις,
965 3142 1016 3169 ως
1043 3132 1137 3174 Ama.
1166 3143 1230 3165 και
1258 3120 1402 3184 Χάρης,
1429 3143 1494 3165 και
1523 3122 1638 3167 πάλιν
1664 3123 1798 3181 Aia-‘xj
1795 3142 1859 3174 νης
1885 3120 1950 3165 καὶ
1968 3120 2192 3174 Εὔβουλος,
2222 3149 2277 3158 —
2300 3132 2335 3166 ἕο
2318 3128 2350 3166 οἱ
2377 3143 2443 3174 μεν
2470 3122 2625 3180 λέγοντι
2627 3142 2647 3169 ς
2675 3127 2761 3165 ἒντ
2738 3130 2794 3179 τῷ
2821 3125 2924 3179 δήμῳ

793 3192 855 3237 καὶ
884 3190 1120 3254 γράφοντες,
1149 3194 1181 3234 οἱ
1211 3188 1253 3233 δὲ
1282 3196 1585 3251 στρατηγοῦντες
1610 3190 1673 3235 καὶ
1702 3189 1944 3252 πράττοντες.
