3375 4043
1481 233 1559 295 25

461 364 647 425 noem
681 359 888 431 perinde
921 378 978 412 ac
1011 358 1239 430 locuples
1270 359 1527 423 Isocrates,
1568 363 1654 431 qui
1688 362 1768 413 bis
1792 357 2077 412 'valetudine
2105 370 2407 428 praetextata
2431 363 2583 414 tertio

462 447 680 517 denique
712 449 975 498 triremem
999 446 1256 496 exornavit
1278 444 1472 515 magnis
1502 448 1617 497 cum
1649 447 1912 518 impensis,
1963 445 2152 514 quique
2177 446 2293 514 ipse
2326 444 2462 509 dicit,
2506 451 2581 498 iu-

459 535 586 585 visse
620 550 734 585 cum
766 536 819 584 in
851 533 1026 605 pueris
1052 537 1183 582 esset
1217 529 1526 602 locupletes
1529 549 1649 596 esse,
1693 531 1918 603 ideoque
1951 529 2089 601 plns
2104 529 2234 580 olim
2259 533 2498 600 pecuniae
2531 536 2583 581 in

460 635 660 671 censum
692 618 969 691 professor,
1002 620 1136 667 n'unc
1164 633 1286 668 vero
1321 633 1492 669 cavere
1528 635 1776 690 quemque
1810 617 1913 668 hoc
1945 616 2127 667 facere.
2150 617 2248 683 (⁹⁹)
2318 614 2461 667 Idem
2483 616 2585 666 fere

460 705 738 757 sentiebant
768 701 917 753 multi
946 701 1035 753 'alii
1069 704 1199 754 cives
1235 700 1426 766 divites,
1464 705 1594 755 inter
1624 721 1680 756 se
1711 713 1847 755 anate
1882 703 2139 754 coniuncti
2172 718 2470 772 semperque
2500 718 2585 771 pa

458 793 580 851 rati,
607 792 683 839 'uti
714 805 769 839 se
802 798 976 839 mutuo
1011 787 1192 839 auxilio
1225 786 1567 852 defenderent,
1605 793 1646 841 si
1682 787 1804 860 quid
1836 786 2050 859 periculi
2087 806 2114 838 a
2146 786 2511 838 multitudine
2495 805 2585 837 im-

457 876 685 924 mineret.
756 872 956 942 Magna
968 876 1099 924 enim
1133 886 1238 925 erat
1272 877 1346 925 rei
1378 877 1596 944 privatae
1628 873 1970 956 inaequalitas·
2008 875 2170 923 maior
2199 875 2379 925 civium
2413 890 2585 922 nume·

457 975 542 1008 rus
575 956 841 1027 indigebat,
879 960 1044 1009 minor
1076 957 1380 1009 abundabat
1394 960 1594 1027 opibus3
1631 976 1749 1028 ergo
1778 949 1855 1009 illi
1882 959 2305 1029 praepollebant'
2289 977 2343 1009 ιιι
2368 957 2581 1019 iudiciis,

459 1042 514 1092 hi
556 1042 822 1114 splendore
863 1059 921 1094 ac
963 1041 1147 1095 divitiis
1186 1044 1240 1092 in
1282 1043 1556 1112 potentiam
1597 1043 1858 1112 assumptis
1891 1054 2062 1092 contra
2098 1043 2262 1093 valere
2297 1041 2581 1105 studebant3

458 1128 555 1179 illis
589 1128 769 1179 horum
806 1129 1006 1199 opibus,
1046 1145 1168 1198 quas
1201 1129 1255 1177 in
1288 1127 1647 1198 rempublicam
1681 1125 2045 1197 impenderent,
2086 1144 2212 1197 opus
2243 1139 2363 1188 erat,
2402 1128 2456 1176 hi
2481 1145 2586 1177 non

458 1214 822 1276 nimus-miles,
860 1216 955 1264 nisi
988 1230 1104 1265 suae
1138 1213 1384 1265 voluntati
1418 1211 1796 1275 concederetur;
1833 1212 1909 1262 illi
1942 1229 2033 1263 suo
2059 1215 2165 1263 iure
2191 1213 2322 1274 elati,
2361 1213 2415 1263 hi
2438 1216 2585 1263 etiam

458 1297 611 1366 magis
644 1295 826 1349 divitiis
859 1299 976 1349 suis.
1036 1296 1186 1350 Unde
1221 1309 1376 1368 patet,
1414 1308 1635 1350 mutuam
1651 1302 1653 1305 ’
1669 1308 1996 1368 utrorumque
2025 1314 2129 1349 non
2157 1300 2338 1350 exoriri
2363 1316 2470 1348 non
2491 1314 2584 1366 po·

457 1384 615 1433 tuisse·
631 1380 887 1446 invidiam3
912 1398 1007 1433 nec
1035 1383 1216 1433 mirum
1241 1399 1373 1442 sane,
1397 1383 1623 1453 superbis
1649 1382 1747 1433 illis
1766 1383 2089 1454 optimatibus
2116 1384 2445 1452 arrogantiam
2465 1381 2589 1432 levis

458 1465 786 1518 multitudinis
811 1484 1006 1518 summo
1031 1469 1342 1537 contemptui
1365 1467 1530 1527 fixisse,
1551 1466 1693 1536 plebi
1716 1477 1890 1517 eontra
1915 1483 2043 1536 quae
2070 1466 2278 1518 divitum
2306 1468 2488 1536 opibus
2513 1469 2587 1517 in·

457 1550 675 1612 videbat,
712 1552 1003 1619 praesertim
1038 1560 1152 1601 cum
1187 1550 1249 1601 a'd
1273 1550 1759 1621 vilissimasquaeque
1783 1549 2145 1622 profundentes
2169 1550 2379 1614 videret,
2418 1568 2586 1621 super-

456 1637 590 1687 biam
625 1651 800 1687 eorum
828 1651 1060 1705 magnum
1093 1632 1270 1686 o'dium-
1296 1638 1561 1705 procreare
1594 1634 1842 1688 debuisse.
1896 1636 2017 1687 Erat
2045 1638 2131 1706 qui
2158 1635 2489 1688 intercederet
2510 1636 2586 1687 his

458 1719 784 1772 simultatibus
818 1730 868 1771 et
901 1729 1140 1788 utrosque
1174 1720 1461 1770 conciliaret
1493 1720 1721 1770 Eubulus
1745 1720 2099 1790 Anaphlystius
2119 1723 2261 1787 (¹⁰⁰),
2298 1723 2375 1771 vir
2405 1720 2582 1772 ditissi-

460 1824 568 1856 mus
602 1824 659 1855 ac
692 1803 1046 1873 nobilissimus,
1083 1793 1319 1872 idemque
1352 1819 1445 1872 per
1477 1801 1685 1872 longum
1715 1813 1931 1873 tempus,
1967 1822 2061 1873 per
2092 1816 2253 1852 totam
2286 1803 2492 1863 dinerim
2513 1809 2584 1854 vi·

458 1902 577 1953 tam,
616 1890 811 1960 populo
848 1889 1230 1958 acceptissimus.
1285 1884 1457 1937 Stabat
1494 1884 1697 1956 quidem
1726 1902 1925 1956 semper
1952 1903 1980 1935 a
2008 1885 2261 1950 divitibus,
2298 1898 2465 1937 tamen
2488 1905 2587 1937 ma·

459 1977 595 2026 xime
621 1972 917 2044 popularem
952 1987 1005 2023 se
1039 1972 1184 2041 gessit
1217 1984 1306 2033 eo,
1352 1969 1488 2039 quod
1526 1986 1587 2020 ex
1617 1971 1806 2020 aerario
1838 1970 2074 2039 publico,
2123 1973 2203 2021 cui
2234 1983 2462 2041 praeerat
2496 1989 2589 2043 po·

459 2059 568 2130 puli
607 2060 783 2129 gratia,
829 2053 1130 2108 multitudini
1172 2053 1437 2106 distribuit.
1520 2053 1883 2125 Theopompus
1926 2054 2042 2105 alias
2086 2053 2147 2104 ad
2190 2054 2589 2108 maledicendum

458 2160 655 2214 semper
669 2152 909 2212 promtuS,
926 2139 1059 2191 hunc
1075 2140 1273 2208 insignit
1288 2150 1539 2208 tamquam
1554 2137 1730 2190 ducem
1743 2138 1925 2210 populi
1943 2138 2281 2200 clarissimum,
2301 2139 2589 2211 diligentem

461 2227 517 2282 ac
552 2228 875 2290 laboriosum3
912 2235 1078 2279 tamen
1111 2242 1171 2278 ex
1196 2223 1539 2295 largitionibus
1565 2224 1810 2279 civitatem
1836 2223 2218 2278 Atheniensium
2246 2242 2308 2278 eo
2337 2225 2463 2280 duce
2486 2246 2589 2280 ma-

459 2317 588 2366 xime
630 2313 960 2365 effeminatam
1002 2309 1323 2381 desidemque
1364 2309 1543 2364 factam
1578 2326 1682 2362 esse
1715 2309 1892 2362 voluit.
1916 2313 2039 2377 (¹⁰¹)
2109 2310 2334 2363 Philinus
2369 2315 2421 2363 in
2456 2313 2588 2364 libro

461 2396 569 2473 πρὸς
603 2392 882 2465 Σοφοκλέους
916 2392 991 2447 καὶ
1023 2392 1251 2469 Εὐριπίδου
1284 2389 1448 2448 εἰκόνας
1475 2393 1612 2457 dicit,
1650 2394 1908 2448 Eubulum
1932 2395 2186 2466 Dionysiis
2215 2397 2509 2448 instantibus
2532 2400 2586 2449 in

460 2491 605 2537 sacra*
628 2482 850 2535 facienda
884 2480 1206 2544 distribuisse,
1244 2491 1301 2532 ut
1335 2497 1509 2532 omnes
1544 2479 1647 2531 dies
1676 2479 1829 2532 festos
1857 2480 2180 2542 celebrarent,
2223 2492 2273 2532 et
2299 2493 2356 2532 ut
2383 2499 2447 2533 ne
2476 2486 2588 2551 quis

461 2569 691 2641 angustiis
714 2571 787 2619 rei
820 2563 1038 2638 privatae
1066 2566 1263 2618 theatro
1287 2565 1652 2636 prohiberetur.
1677 2566 1800 2631 (¹⁰²)
1851 2566 1927 2616 Ac
1950 2583 2121 2617 verum
2149 2564 2374 2635 quidem,
2414 2566 2508 2624 hac
2532 2585 2586 2618 re

461 2655 849 2708 deminutionem
873 2664 924 2704 et
948 2651 1278 2705 defectionem
1304 2653 1494 2703 aerario
1523 2650 1716 2701 militari
1742 2652 1981 2714 evenisse3
2014 2643 2192 2703 v'erum
2220 2669 2445 2722 quoque,
2472 2652 2588 2704 inde

470 2933 473 2936 .
517 2893 606 2948 (⁹⁹)
637 2893 759 2936 Isocr.
788 2907 933 2950 argum.
961 2891 1009 2933 ad
1038 2899 1137 2933 orat.
1167 2890 1217 2932 de
1246 2899 1447 2942 commun,
1476 2889 1546 2931 csr.
1577 2897 1672 2931 orat.
1701 2888 1826 2943 ipsam
1854 2888 1997 2931 c.159.
2028 2890 2077 2932 de
2104 2901 2203 2945 pace
2234 2890 2343 2932 c.40.

516 2972 613 3027 (¹⁰⁰)
654 2975 839 3029 Droysen
858 2972 883 3014 Ι.
899 2972 925 3013 l.
945 2987 985 3027 p.
994 2970 1076 3013 105
1090 2986 1148 3025 sq.
1166 2970 1392 3013 verosimile
1415 2970 1522 3022 facit,
1541 2979 1686 3025 patrem
1704 2967 1817 3011 huius
1835 2968 1982 3011 Eubuli
2000 2970 2117 3012 fnisse
2136 2970 2385 3025 spintharum
2404 2984 2508 3021 eum,
2536 2971 2587 3012 de

462 3054 542 3094 quo
564 3041 857 3098 ‘Aristophanes
892 3038 1012 3094 (avib-
1038 3055 1075 3081 v.
1090 3037 1191 3091 762)
1227 3037 1343 3080 dicit:
1380 3039 1413 3078 εἰ
1441 3031 1484 3079 δὲ
1511 3030 1702 3091 τυγχάνει
1735 3052 1794 3080 τις
1829 3030 2018 3095 niv-§905
2051 3031 2165 3087 μηδὲν
2199 3029 2308 3085 ἦπου
2344 3032 2587 3096 Σπινθάρου.

463 3106 587 3148 Addit
612 3108 816 3164 Droysen:
844 3108 985 3160 „denn
1011 3104 1203 3147 natiirlich
1229 3119 1304 3146 nur
1330 3104 1547 3148 vornelune
1574 3105 1694 3145 Leute
1723 3103 1838 3146 lohnt
1865 3120 1907 3146 es
1935 3119 1980 3147 so
2010 3105 2064 3146 als
2083 3104 2387 3161 Eindringlinge
2414 3105 2493 3146 und
2512 3119 2582 3160 ge-

464 3174 587 3216 borne
615 3174 783 3218 Sclaven
810 3191 859 3218 zu
885 3172 1203 3231 verdschtigenJ’

520 3252 613 3307 (¹⁰¹)
655 3254 848 3308 Harpoer.
877 3269 907 3295 s.
923 3270 960 3294 v.
988 3247 1204 3297 Εὔβουλος.
1275 3251 1371 3306 (¹⁰²)
1398 3253 1593 3308 Harpocr.
1621 3266 1651 3292 s.
1666 3266 1702 3292 v.
1731 3247 1918 3308 θεωρικά.
1948 3252 2020 3293 cfr.
2048 3252 2165 3294 Phot.
2186 3253 2259 3292 lex.
2287 3265 2370 3292 ιν.
2399 3246 2585 3307 Θεωρικά.

2154 3321 2203 3370 D
