3375 4043
614 364 683 404 a
828 327 1079 400 Equidem
1114 347 1209 381 nos
1233 330 1672 385 Demosthenicum
1709 330 1909 399 qualem
1944 331 2152 401 legimus
2187 334 2463 382 orationem
2483 333 2650 383 verbis
2672 343 2967 403 conceptam

831 428 1005 468 tenere
1047 418 1267 469 arbitror
1309 427 1572 486 antequam
1613 414 1785 466 habita
1820 418 1910 480 sit;
1954 428 2122 469 tamen
2156 415 2569 471 Demosthenem?
2582 429 2807 471 orantem
2838 434 2967 476 non-

829 502 990 566 nulla,
1041 505 1169 555 sicut
1203 505 1395 572 aptiora
1430 503 1478 553 ei
1511 497 1814 563 viderentur,
1862 512 2075 553 mutasse
2110 513 2163 554 et
2187 504 2445 566 omisisse3
2490 511 2610 572 post
2648 510 2844 556 causam
2878 520 2969 554 no·

834 588 987 640 luisse
1031 600 1297 639 retractare
1343 588 1572 657 scriptam
1617 596 1760 635 antea
1805 589 2102 637 orationem.
2165 587 2467 656 Argumenta
2508 586 2630 638 mihi
2671 599 2787 638 sunt
2819 587 2969 638 haec:

840 678 890 742 1)
924 674 1142 726 Eaedem
1184 675 1457 724 sententiae
1498 670 1770 740 eademque
1813 671 1939 722 sacta
1977 671 2175 740 pluries·
2200 690 2294 741 per
2325 686 2484 725 totam
2519 676 2791 725 orationem
2806 699 2808 701 >
2826 691 2969 743 repe-

834 764 925 811 tita
961 773 1091 821 sunt,
1139 758 1188 808 id
1228 758 1368 828 quod
1404 769 1530 819 tum,
1578 775 1689 807 cum
1725 759 1887 807 oratio
1922 756 2218 818 habebatur,
2264 756 2440 827 utique
2474 768 2582 811 non
2612 754 2808 831 poterat
2840 759 2966 809 fieri.

837 849 891 912 2)
926 845 1195 896 Aeschines
1230 845 1370 894 locos
1394 843 1600 911 aliquot
1635 844 1873 893 orationis
1907 841 2328 893 Demosthenicae
2361 856 2569 912 spectat,
2620 864 2747 914 quos
2781 857 2973 897 nosmet

835 948 938 981 non
982 929 1208 998 legimns.
1271 929 1325 995 3)
1370 927 1560 979 Ultima
1606 930 1844 979 orationis
1886 945 2000 998 pars
2046 930 2270 979 continet
2312 927 2552 979 molestos
2597 934 2977 982 commentarios

832 1015 1080 1074 locorum,
1131 1029 1261 1081 quos
1296 1012 1570 1063 Aeschines
1611 1015 1662 1063 in
1700 1012 1994 1063 Timarchea
2039 1015 2264 1063 oratione
2307 1028 2335 1062 e
2377 1015 2555 1081 poetis¹
2584 1014 2842 1075 attulerat3
2892 1019 2978 1083 qui

587 1124 639 1159 fg
834 1101 1177 1150 commentarii
1213 1110 1262 1150 et
1297 1101 1577 1149 orationem
1614 1100 1858 1149 extenturi
1890 1109 1939 1149 et
1972 1096 2243 1160 auditores,
2281 1107 2340 1147 ut
2371 1100 2611 1167 temporis
2642 1114 2835 1149 moram
2868 1116 2977 1150 sen-

831 1187 1001 1245 tirent,
1028 1186 1308 1253 permotui-i
1331 1183 1588 1246 videntur3
1628 1185 1815 1253 quique
1840 1182 1973 1233 haud
1997 1181 2124 1234 adeo
2149 1182 2364 1233 libenter
2381 1192 2491 1234 tum
2506 1183 2573 1234 ab
2587 1183 2976 1234 Atheniensibus

833 1268 992 1320 audiri
1027 1280 1278 1339 poterant,
1327 1286 1441 1320 cum
1476 1267 1770 1319 Timarchus
1812 1269 1875 1319 ab
1918 1271 1977 1319 iis
2012 1266 2372 1320 condemnatus
2407 1279 2551 1320 esset.
2610 1267 2855 1335 Quartum
2891 1268 2974 1318 ad·

839 1356 952 1406 dam
985 1356 1103 1406 hoc.
1161 1353 1268 1406 Sub
1303 1353 1456 1406 finem
1490 1373 1544 1425 p.
1562 1355 1662 1408 387
1694 1353 2064 1407 Demosthenes
2099 1354 2265 1419 affert,
2313 1353 2451 1424 quod
2487 1362 2679 1407 contra
2695 1353 2792 1412 dici
2826 1358 2982 1425 possit

839 1444 903 1492 ab
929 1441 1195 1501 Aeschine,
1236 1443 1398 1491 socios
1432 1457 1641 1509 prorsus
1671 1451 1952 1510 pertaesum
1987 1440 2148 1491 fuisse
2170 1440 2322 1503 belli3
2360 1451 2580 1491 attamen
2598 1440 2710 1491 hoc
2722 1454 2977 1509 argumen-

838 1540 945 1577 tum
990 1545 1093 1576 non
1138 1525 1400 1575 refellitur.
1466 1523 1630 1588 Quam
1667 1526 1735 1574 ob
1769 1541 1875 1574 rem
1909 1523 2231 1573 Marklandus
2264 1524 2451 1592 aliique
2485 1526 2781 1592 interpretes
2815 1528 2980 1593 spuria

557 1626 634 1680 Νη
835 1613 958 1661 haec
993 1612 1143 1661 verba
1180 1610 1384 1671 habent,
1424 1608 1653 1673 Reiskjgs
1687 1609 1916 1659 lacunam
1951 1607 2050 1658 hoc
2083 1607 2201 1658 loco
2226 1624 2332 1659 esse
2357 1618 2543 1670 censet,
2583 1608 2976 1660 confutationem

836 1695 1090 1746 excidisse.
1153 1680 1400 1744 Neutrum
1436 1693 1618 1743 horum
1654 1695 1836 1743 coniici
1870 1693 1989 1743 licet
2024 1704 2085 1742 ex
2121 1703 2289 1743 nostra
2324 1682 2595 1754 sententia·,
2642 1711 2858 1762 namque
2896 1706 2980 1744 aut

835 1780 1069 1831 refutavit
1094 1777 1463 1829 Demosthenes
1497 1777 1597 1828 hoc
1621 1776 1880 1828 Aeschinis
1906 1788 2266 1844 argumentum,
2307 1795 2418 1827 cum
2443 1793 2636 1829 causam
2663 1779 2855 1840 orabat,
2896 1790 2979 1829 aut

844 1866 943 1915 alio
990 1865 1109 1914 loco
1152 1865 1384 1923 inseruit,
1444 1872 1528 1912 aut
1573 1877 1678 1912 non
1720 1861 1917 1912 locutus
1963 1871 2036 1911 est
2079 1860 2204 1912 haec
2248 1862 2417 1912 verba.
2491 1861 2728 1914 Similiter
2771 1881 2824 1933 Ρ.
2850 1865 2975 1914 386:

844 1952 1046 2018 quinam
1090 1957 1240 1995 testes
1277 1944 1541 2013 Olynthii?
1597 1944 1813 1992 Wolfius
1850 1941 2031 1993 Φωκέας
2064 1943 2162 2011 legi
2197 1945 2321 2005 vult,
2367 1944 2689 1996 Marklandus
2725 1946 2884 2009 delet3
2935 1960 2982 1997 et

840 2053 892 2103 p.
910 2034 1008 2082 408
1047 2029 1303 2099 quodnam
1333 2026 1708 2079 testimonium?
1750 2025 2075 2079 Marklandus
2110 2030 2307 2090 iterum,
2347 2039 2403 2080 ut
2437 2033 2632 2100 saepius
2667 2034 2720 2082 in
2754 2031 2846 2083 hac
2871 2049 2978 2082 ora-

838 2122 975 2167 tione
1024 2115 1182 2165 deleri
1226 2113 1352 2165 vult.
1423 2112 1585 2163 Porro
1628 2115 1773 2163 initio
1815 2112 2133 2183 Aeschineae
2170 2116 2408 2164 orationis
2453 2115 2686 2184 legimus,
2735 2118 2981 2186 populum

837 2201 1233 2253 Demosthenem
1270 2199 1333 2248 de
1369 2199 1682 2258 contumeliis
1704 2198 1965 2249 Aeschinis
1996 2198 2489 2270 mulieri‘Olynthiae
2517 2201 2666 2252 illatis
2688 2202 2980 2271 loquentem

841 2303 1003 2339 tacere
1039 2290 1259 2348 iussisse3
1307 2298 1357 2336 et
1392 2287 1444 2334 in
1478 2284 1680 2335 scholiis
1714 2283 1937 2355 Ulpiani,
1982 2285 2186 2336 Eubulo
2223 2297 2424 2337 auctore
2459 2286 2646 2337 iudices
2682 2290 2971 2337 surrexisse:

841 2390 958 2443 ergo
982 2371 1513 2441 nempeDemostheni
1536 2387 1640 2421 non
1664 2369 1805 2421 licuit
1827 2387 2050 2439 pergere.
2091 2369 2211 2434 Quo
2230 2370 2432 2434 factum,
2460 2383 2518 2423 ut
2534 2371 2610 2423 illi
2628 2371 2824 2423 molesti
2842 2390 2977 2423 com·

842 2460 1071 2510 mentarii
1107 2459 1473 2518 omitterentur,
1512 2453 1757 2524 siquidem
1793 2458 2125 2527 narrationem
2159 2454 2224 2507 de
2255 2456 2463 2509 muliere
2486 2455 2726 2528 Olynthia
2751 2469 2864 2508 ante
2888 2458 2980 2508 hos

845 2546 1056 2595 orationi
1079 2545 1306 2606 intexuit,
1334 2541 1385 2594 id
1411 2540 1549 2613 quod
1574 2559 1690 2594 vere
1715 2542 1988 2612 reperimus
2011 2544 2060 2594 in
2090 2553 2258 2594 nostra
2279 2542 2683 2595 Demosthenica.
2722 2542 2975 2613 Denique,

845 2635 885 2681 si
915 2633 1005 2691 vis,
1045 2629 1175 2680 aliud
1211 2641 1300 2681 est.
1349 2628 1471 2680 Post
1505 2628 1644 2679 illam
1679 2630 2013 2679 narrationem
2049 2647 2103 2698 p.
2122 2630 2220 2679 428
2244 2632 2351 2680 init.
2380 2632 2637 2700 inscriptio
2663 2629 2726 2680 de
2749 2630 2980 2679 Arthmio

845 2713 1180 2766 condemnato
1201 2715 1336 2780 (²³¹),
1376 2732 1525 2782 quam
1560 2712 1735 2764 iisdem
1772 2712 1876 2763 fere
1911 2715 2075 2764 verbis
2109 2716 2162 2765 in
2196 2717 2340 2765 tertia
2364 2713 2647 2784 Philippica
2677 2714 2901 2783 legimus,
2942 2719 2980 2765 si

842 2813 950 2851 tum
982 2817 1088 2849 non
1119 2799 1247 2848 lecta
1279 2809 1369 2860 est,
1403 2817 1505 2848 uno
1531 2816 1662 2848 anno
1687 2809 1804 2869 post
1828 2809 1941 2867 apte
1967 2799 2133 2848 afferri
2155 2810 2379 2869 poterat·
2419 2802 2460 2850 si
2483 2803 2581 2850 iam
2604 2812 2711 2850 tum
2734 2798 2861 2849 lecta
2887 2812 2975 2861 est,

842 2903 946 2937 non
982 2888 1120 2934 item.
1177 2883 1287 2933 Nec
1323 2884 1442 2933 mihi
1476 2901 1752 2955 repugnare
1787 2883 2001 2947 videtur,
2051 2884 2188 2954 quod
2224 2885 2470 2949 Eubulus,
2520 2889 2572 2936 in
2609 2901 2759 2955 quem
2793 2884 2978 2935 Demo-

845 2972 1042 3022 sthenes
1078 2970 1405 3020 accusationis
1439 2981 1628 3040 partem
1663 2972 1813 3023 vertit
1846 2969 2046 3036 (Aesch.
2082 2988 2130 3020 π.
2163 2964 2332 3045 πρεσβ.
2365 2989 2419 3042 Ρ.
2408 2972 2520 3023 ..29
2550 2972 2649 3038 15),
2697 2980 2813 3040 post
2846 2970 2981 3021 illam

899 3158 997 3214 (²³¹)
1040 3160 1104 3202 De
1133 3160 1281 3202 Zelitae
1310 3159 1423 3201 huius
1452 3160 1605 3202 infamia
1634 3170 1813 3203 accurate
1843 3175 1968 3216 nuper
1996 3171 2134 3203 contra
2161 3161 2470 3203 Demosthenem
2500 3161 2706 3216 disputavit
2729 3162 2981 3203 Leonhardus

846 3229 1077 3284 Spengelius
1107 3228 1146 3268 in
1178 3228 1395 3283 appendice
1426 3230 1762 3271 commentationis
1794 3229 1844 3270 de
1874 3228 2090 3284 Philippica
2119 3229 2245 3269 tertia.
