<?xml version="1.0" encoding="UTF-8"?>
<!DOCTYPE html PUBLIC "-//W3C//DTD XHTML 1.0 Transitional//EN"
    "http://www.w3.org/TR/xhtml1/DTD/xhtml1-transitional.dtd">
<html xmlns="http://www.w3.org/1999/xhtml" xml:lang="en" lang="en">
 <head>
  <title>
</title>
<meta http-equiv="Content-Type" content="text/html;charset=utf-8" />
  <meta name='ocr-system' content='tesseract 3.04.00' />
  <meta name='ocr-capabilities' content='ocr_page ocr_carea ocr_par ocr_line ocrx_word'/>
</head>
<body>
  <div class='ocr_page' id='page_1' title='image "4777347_0050.png"; bbox 0 0 3375 4043; ppageno 0'>
   <div class='ocr_carea' id='block_1_1' title="bbox 1794 187 1872 249">
    <p class='ocr_par' dir='ltr' id='par_1_1' title="bbox 1794 187 1872 249">
     <span class='ocr_line' id='line_1_1' title="bbox 1794 187 1872 249; baseline 0 0"><span class='ocrx_word' id='word_1_1' title='bbox 1794 187 1872 249; x_wconf 87' lang='grc'><strong>38</strong></span> 
     </span>
    </p>
   </div>
   <div class='ocr_carea' id='block_1_2' title="bbox 711 314 2906 3268">
    <p class='ocr_par' dir='ltr' id='par_1_2' title="bbox 711 314 2906 3268">
     <span class='ocr_line' id='line_1_2' title="bbox 762 314 2901 394; baseline 0.004 -25"><span class='ocrx_word' id='word_1_2' title='bbox 762 335 846 369; x_wconf 86' lang='lat' dir='ltr'><strong>sua</strong></span> <span class='ocrx_word' id='word_1_3' title='bbox 882 315 1099 378; x_wconf 87' lang='lat' dir='ltr'><strong>excellit,</strong></span> <span class='ocrx_word' id='word_1_4' title='bbox 1140 333 1239 386; x_wconf 82' lang='lat' dir='ltr'><strong>qua</strong></span> <span class='ocrx_word' id='word_1_5' title='bbox 1273 317 1627 387; x_wconf 76' lang='lat' dir='ltr'><strong>benignitatem</strong></span> <span class='ocrx_word' id='word_1_6' title='bbox 1660 332 1719 366; x_wconf 87' lang='lat' dir='ltr'><strong>ac</strong></span> <span class='ocrx_word' id='word_1_7' title='bbox 1752 314 1996 368; x_wconf 79' lang='lat' dir='ltr'><strong>beneficia</strong></span> <span class='ocrx_word' id='word_1_8' title='bbox 2018 316 2399 369; x_wconf 67' lang='lat' dir='ltr'><strong>Atheniensium</strong></span> <span class='ocrx_word' id='word_1_9' title='bbox 2428 325 2683 389; x_wconf 79' lang='lat' dir='ltr'><strong>prioribus</strong></span> <span class='ocrx_word' id='word_1_10' title='bbox 2702 337 2901 394; x_wconf 85' lang='lat' dir='ltr'><strong>tempo-</strong></span> 
     </span>
     <span class='ocr_line' id='line_1_3' title="bbox 759 399 2900 480; baseline 0.002 -30"><span class='ocrx_word' id='word_1_11' title='bbox 759 403 895 451; x_wconf 85' lang='lat' dir='ltr'><strong>ribus</strong></span> <span class='ocrx_word' id='word_1_12' title='bbox 929 403 985 452; x_wconf 87' lang='lat' dir='ltr'><strong>in</strong></span> <span class='ocrx_word' id='word_1_13' title='bbox 1019 404 1236 454; x_wconf 88' lang='lat' dir='ltr'><strong>maiores</strong></span> <span class='ocrx_word' id='word_1_14' title='bbox 1254 438 1259 442; x_wconf 9' lang='grc' dir='ltr'><strong>«μ</strong></span> <span class='ocrx_word' id='word_1_15' title='bbox 1267 401 1490 474; x_wconf 86' lang='lat' dir='ltr'><strong>Philippi</strong></span> <span class='ocrx_word' id='word_1_16' title='bbox 1521 399 1665 462; x_wconf 82' lang='lat' dir='ltr'><strong>facta,</strong></span> <span class='ocrx_word' id='word_1_17' title='bbox 1705 404 1883 460; x_wconf 84' lang='lat' dir='ltr'><strong>merita</strong></span> <span class='ocrx_word' id='word_1_18' title='bbox 1914 402 2178 473; x_wconf 67' lang='lat' dir='ltr'><strong>Iphicratis</strong></span> <span class='ocrx_word' id='word_1_19' title='bbox 2211 402 2276 455; x_wconf 83' lang='lat' dir='ltr'><strong>de</strong></span> <span class='ocrx_word' id='word_1_20' title='bbox 2308 403 2525 475; x_wconf 74' lang='lat' dir='ltr'><strong>Amynta</strong></span> <span class='ocrx_word' id='word_1_21' title='bbox 2558 421 2711 476; x_wconf 56' lang='lat' dir='ltr'><strong>patrev</strong></span> <span class='ocrx_word' id='word_1_22' title='bbox 2735 409 2900 480; x_wconf 75' lang='lat' dir='ltr'><strong>deque</strong></span> 
     </span>
     <span class='ocr_line' id='line_1_4' title="bbox 756 484 2903 561; baseline 0.003 -23"><span class='ocrx_word' id='word_1_23' title='bbox 756 491 869 557; x_wconf 87' lang='lat' dir='ltr'><strong>ipso</strong></span> <span class='ocrx_word' id='word_1_24' title='bbox 905 484 1150 560; x_wconf 85' lang='lat' dir='ltr'><strong>Philippo</strong></span> <span class='ocrx_word' id='word_1_25' title='bbox 1184 488 1373 540; x_wconf 80' lang='lat' dir='ltr'><strong>infante</strong></span> <span class='ocrx_word' id='word_1_26' title='bbox 1407 484 1637 539; x_wconf 82' lang='lat' dir='ltr'><strong>laudibus</strong></span> <span class='ocrx_word' id='word_1_27' title='bbox 1671 485 1839 550; x_wconf 81' lang='lat' dir='ltr'><strong>effert,</strong></span> <span class='ocrx_word' id='word_1_28' title='bbox 1879 502 2062 559; x_wconf 85' lang='lat' dir='ltr'><strong>resque</strong></span> <span class='ocrx_word' id='word_1_29' title='bbox 2076 521 2079 525; x_wconf 82' lang='lat'>.</span> <span class='ocrx_word' id='word_1_30' title='bbox 2095 491 2259 553; x_wconf 76' lang='lat' dir='ltr'><strong>minus</strong></span> <span class='ocrx_word' id='word_1_31' title='bbox 2291 486 2623 561; x_wconf 67' lang='lat' dir='ltr'><strong>probabiliter</strong></span> <span class='ocrx_word' id='word_1_32' title='bbox 2652 504 2815 560; x_wconf 70' lang='lat' dir='ltr'><strong>gestas</strong></span> <span class='ocrx_word' id='word_1_33' title='bbox 2848 497 2903 548; x_wconf 87' lang='lat' dir='ltr'><strong>in</strong></span> 
     </span>
     <span class='ocr_line' id='line_1_5' title="bbox 758 571 2906 647; baseline 0.003 -23"><span class='ocrx_word' id='word_1_34' title='bbox 758 572 1084 625; x_wconf 87' lang='lat' dir='ltr'><strong>commodum</strong></span> <span class='ocrx_word' id='word_1_35' title='bbox 1116 573 1498 634; x_wconf 65' lang='lat' dir='ltr'>Atheniensium</span> <span class='ocrx_word' id='word_1_36' title='bbox 1528 580 1721 625; x_wconf 78' lang='lat' dir='ltr'><strong>vertere</strong></span> <span class='ocrx_word' id='word_1_37' title='bbox 1749 571 1942 638; x_wconf 82' lang='lat' dir='ltr'><strong>-studet3</strong></span> <span class='ocrx_word' id='word_1_38' title='bbox 1980 572 2164 627; x_wconf 85' lang='lat' dir='ltr'><strong>deinde</strong></span> <span class='ocrx_word' id='word_1_39' title='bbox 2197 573 2262 628; x_wconf 80' lang='lat' dir='ltr'><strong>de</strong></span> <span class='ocrx_word' id='word_1_40' title='bbox 2285 574 2582 647; x_wconf 80' lang='lat' dir='ltr'>Amphipoli</span> <span class='ocrx_word' id='word_1_41' title='bbox 2612 586 2758 628; x_wconf 73' lang='lat' dir='ltr'><strong>causa</strong></span> <span class='ocrx_word' id='word_1_42' title='bbox 2779 578 2906 630; x_wconf 84' lang='lat' dir='ltr'><strong>belli</strong></span> 
     </span>
     <span class='ocr_line' id='line_1_6' title="bbox 758 652 2901 733; baseline 0.003 -25"><span class='ocrx_word' id='word_1_43' title='bbox 758 659 1004 729; x_wconf 86' lang='lat' dir='ltr'><strong>loquitur,</strong></span> <span class='ocrx_word' id='word_1_44' title='bbox 1053 674 1204 728; x_wconf 88' lang='lat' dir='ltr'><strong>quam</strong></span> <span class='ocrx_word' id='word_1_45' title='bbox 1237 659 1416 709; x_wconf 87' lang='lat' dir='ltr'><strong>urbem</strong></span> <span class='ocrx_word' id='word_1_46' title='bbox 1448 652 1832 708; x_wconf 76' lang='lat' dir='ltr'><strong>Atheniensium.</strong></span> <span class='ocrx_word' id='word_1_47' title='bbox 1861 674 1968 709; x_wconf 87' lang='lat' dir='ltr'><strong>esse</strong></span> <span class='ocrx_word' id='word_1_48' title='bbox 2003 657 2191 710; x_wconf 81' lang='lat' dir='ltr'><strong>debere</strong></span> <span class='ocrx_word' id='word_1_49' title='bbox 2224 670 2276 712; x_wconf 90' lang='lat' dir='ltr'><strong>et</strong></span> <span class='ocrx_word' id='word_1_50' title='bbox 2311 677 2373 712; x_wconf 75' lang='lat' dir='ltr'><strong>ex</strong></span> <span class='ocrx_word' id='word_1_51' title='bbox 2405 660 2587 733; x_wconf 80' lang='lat' dir='ltr'><strong>mythis</strong></span> <span class='ocrx_word' id='word_1_52' title='bbox 2628 673 2686 713; x_wconf 83' lang='lat' dir='ltr'><strong>et</strong></span> <span class='ocrx_word' id='word_1_53' title='bbox 2711 678 2774 712; x_wconf 77' lang='lat' dir='ltr'><strong>ex</strong></span> <span class='ocrx_word' id='word_1_54' title='bbox 2806 679 2901 732; x_wconf 81' lang='lat' dir='ltr'><strong>pa—</strong></span> 
     </span>
     <span class='ocr_line' id='line_1_7' title="bbox 761 740 2901 814; baseline 0.002 -19"><span class='ocrx_word' id='word_1_55' title='bbox 761 747 852 796; x_wconf 89' lang='lat' dir='ltr'><strong>ctis</strong></span> <span class='ocrx_word' id='word_1_56' title='bbox 887 747 963 796; x_wconf 85' lang='lat' dir='ltr'><strong>sui</strong></span> <span class='ocrx_word' id='word_1_57' title='bbox 997 745 1238 814; x_wconf 85' lang='lat' dir='ltr'><strong>temporis</strong></span> <span class='ocrx_word' id='word_1_58' title='bbox 1258 742 1595 799; x_wconf 81' lang='lat' dir='ltr'><strong>demonstrat.</strong></span> <span class='ocrx_word' id='word_1_59' title='bbox 1621 742 1740 810; x_wconf 79' lang='lat'><strong>(¹⁴³)</strong></span> <span class='ocrx_word' id='word_1_60' title='bbox 1806 740 2196 806; x_wconf 65' lang='lat' dir='ltr'>Demosthenes,</span> <span class='ocrx_word' id='word_1_61' title='bbox 2236 761 2393 814; x_wconf 78' lang='lat' dir='ltr'><strong>quum</strong></span> <span class='ocrx_word' id='word_1_62' title='bbox 2422 758 2581 812; x_wconf 69' lang='lat' dir='ltr'><strong>aetate</strong></span> <span class='ocrx_word' id='word_1_63' title='bbox 2602 746 2800 813; x_wconf 70' lang='lat' dir='ltr'><strong>infimus</strong></span> <span class='ocrx_word' id='word_1_64' title='bbox 2821 764 2901 799; x_wconf 88' lang='lat' dir='ltr'><strong>es-</strong></span> 
     </span>
     <span class='ocr_line' id='line_1_8' title="bbox 760 826 2899 898; baseline 0.002 -18"><span class='ocrx_word' id='word_1_65' title='bbox 760 841 861 892; x_wconf 86' lang='lat' dir='ltr'><strong>set,</strong></span> <span class='ocrx_word' id='word_1_66' title='bbox 907 830 1109 880; x_wconf 83' lang='lat' dir='ltr'><strong>ultimus</strong></span> <span class='ocrx_word' id='word_1_67' title='bbox 1150 829 1403 898; x_wconf 81' lang='lat' dir='ltr'><strong>loquitur-3</strong></span> <span class='ocrx_word' id='word_1_68' title='bbox 1449 826 1538 879; x_wconf 87' lang='lat' dir='ltr'><strong>sed</strong></span> <span class='ocrx_word' id='word_1_69' title='bbox 1581 830 1859 897; x_wconf 79' lang='lat' dir='ltr'><strong>praesentia</strong></span> <span class='ocrx_word' id='word_1_70' title='bbox 1899 827 2135 898; x_wconf 77' lang='lat' dir='ltr'><strong>Philippi·</strong></span> <span class='ocrx_word' id='word_1_71' title='bbox 2165 829 2393 880; x_wconf 75' lang='lat' dir='ltr'><strong>nubatus</strong></span> <span class='ocrx_word' id='word_1_72' title='bbox 2420 834 2663 885; x_wconf 82' lang='lat' dir='ltr'><strong>:oratione</strong></span> <span class='ocrx_word' id='word_1_73' title='bbox 2697 832 2899 885; x_wconf 83' lang='lat' dir='ltr'><strong>excidit.</strong></span> 
     </span>
     <span class='ocr_line' id='line_1_9' title="bbox 758 912 2902 984; baseline 0.003 -20"><span class='ocrx_word' id='word_1_74' title='bbox 758 916 1003 983; x_wconf 82' lang='lat' dir='ltr'><strong>Apertum</strong></span> <span class='ocrx_word' id='word_1_75' title='bbox 1038 924 1130 974; x_wconf 88' lang='lat' dir='ltr'><strong>est,</strong></span> <span class='ocrx_word' id='word_1_76' title='bbox 1171 912 1305 963; x_wconf 88' lang='lat' dir='ltr'><strong>hunc</strong></span> <span class='ocrx_word' id='word_1_77' title='bbox 1338 928 1507 963; x_wconf 86' lang='lat' dir='ltr'><strong>casum</strong></span> <span class='ocrx_word' id='word_1_78' title='bbox 1541 928 1686 983; x_wconf 72' lang='lat' dir='ltr'><strong>aegre</strong></span> <span class='ocrx_word' id='word_1_79' title='bbox 1719 913 1895 964; x_wconf 81' lang='lat' dir='ltr'><strong>tulisse</strong></span> <span class='ocrx_word' id='word_1_80' title='bbox 1925 929 2041 965; x_wconf 85' lang='lat' dir='ltr'><strong>eum</strong></span> <span class='ocrx_word' id='word_1_81' title='bbox 2074 916 2254 976; x_wconf 79' lang='lat' dir='ltr'><strong>virum,</strong></span> <span class='ocrx_word' id='word_1_82' title='bbox 2295 916 2384 984; x_wconf 84' lang='lat' dir='ltr'><strong>qui</strong></span> <span class='ocrx_word' id='word_1_83' title='bbox 2405 914 2620 968; x_wconf 81' lang='lat' dir='ltr'><strong>Athenis</strong></span> <span class='ocrx_word' id='word_1_84' title='bbox 2639 921 2902 979; x_wconf 80' lang='lat' dir='ltr'><strong>acerrimas</strong></span> 
     </span>
     <span class='ocr_line' id='line_1_10' title="bbox 756 997 2900 1072; baseline 0.002 -23"><span class='ocrx_word' id='word_1_85' title='bbox 756 999 1067 1069; x_wconf 84' lang='lat' dir='ltr'><strong>optimasque</strong></span> <span class='ocrx_word' id='word_1_86' title='bbox 1103 1001 1356 1050; x_wconf 89' lang='lat' dir='ltr'><strong>orationes</strong></span> <span class='ocrx_word' id='word_1_87' title='bbox 1389 998 1633 1051; x_wconf 78' lang='lat' dir='ltr'><strong>habuerat</strong></span> <span class='ocrx_word' id='word_1_88' title='bbox 1667 1001 1721 1050; x_wconf 89' lang='lat' dir='ltr'><strong>in</strong></span> <span class='ocrx_word' id='word_1_89' title='bbox 1754 998 1970 1051; x_wconf 89' lang='lat' dir='ltr'><strong>eundem</strong></span> <span class='ocrx_word' id='word_1_90' title='bbox 1996 997 2308 1072; x_wconf 82' lang='lat' dir='ltr'><strong>Philippum.</strong></span> <span class='ocrx_word' id='word_1_91' title='bbox 2357 999 2591 1053; x_wconf 62' lang='lat' dir='ltr'><strong>Accedit</strong></span> <span class='ocrx_word' id='word_1_92' title='bbox 2625 1000 2765 1071; x_wconf 85' lang='lat' dir='ltr'><strong>quod</strong></span> <span class='ocrx_word' id='word_1_93' title='bbox 2798 1003 2900 1068; x_wconf 70' lang='lat' dir='ltr'><strong>Ae·</strong></span> 
     </span>
     <span class='ocr_line' id='line_1_11' title="bbox 752 1070 2898 1157; baseline 0.002 -24"><span class='ocrx_word' id='word_1_94' title='bbox 752 1084 967 1145; x_wconf 87' lang='lat' dir='ltr'><strong>schines‚</strong></span> <span class='ocrx_word' id='word_1_95' title='bbox 1006 1101 1121 1134; x_wconf 85' lang='lat' dir='ltr'><strong>cum</strong></span> <span class='ocrx_word' id='word_1_96' title='bbox 1155 1099 1243 1135; x_wconf 79' lang='lat' dir='ltr'><strong>rex</strong></span> <span class='ocrx_word' id='word_1_97' title='bbox 1279 1083 1424 1136; x_wconf 87' lang='lat' dir='ltr'><strong>dictis</strong></span> <span class='ocrx_word' id='word_1_98' title='bbox 1458 1083 1737 1155; x_wconf 81' lang='lat' dir='ltr'><strong>legatorum</strong></span> <span class='ocrx_word' id='word_1_99' title='bbox 1770 1084 2116 1155; x_wconf 86' lang='lat' dir='ltr'><strong>responderet,</strong></span> <span class='ocrx_word' id='word_1_100' title='bbox 2154 1070 2304 1137; x_wconf 80' lang='lat' dir='ltr'><strong>huius</strong></span> <span class='ocrx_word' id='word_1_101' title='bbox 2326 1101 2456 1155; x_wconf 74' lang='lat' dir='ltr'><strong>vprae</strong></span> <span class='ocrx_word' id='word_1_102' title='bbox 2489 1088 2666 1138; x_wconf 86' lang='lat' dir='ltr'><strong>ceteris</strong></span> <span class='ocrx_word' id='word_1_103' title='bbox 2688 1086 2898 1157; x_wconf 76' lang='lat' dir='ltr'><strong>diligen·</strong></span> 
     </span>
     <span class='ocr_line' id='line_1_12' title="bbox 752 1168 2895 1240; baseline 0.002 -22"><span class='ocrx_word' id='word_1_104' title='bbox 752 1171 871 1219; x_wconf 84' lang='lat' dir='ltr'><strong>tiam</strong></span> <span class='ocrx_word' id='word_1_105' title='bbox 917 1178 1176 1237; x_wconf 78' lang='lat' dir='ltr'><strong>expertus,</strong></span> <span class='ocrx_word' id='word_1_106' title='bbox 1223 1168 1592 1220; x_wconf 73' lang='lat' dir='ltr'><strong>Demosthenes</strong></span> <span class='ocrx_word' id='word_1_107' title='bbox 1637 1180 1801 1221; x_wconf 80' lang='lat' dir='ltr'><strong>autem</strong></span> <span class='ocrx_word' id='word_1_108' title='bbox 1845 1185 1960 1221; x_wconf 87' lang='lat' dir='ltr'><strong>cum</strong></span> <span class='ocrx_word' id='word_1_109' title='bbox 1993 1170 2160 1222; x_wconf 83' lang='lat' dir='ltr'><strong>verbis</strong></span> <span class='ocrx_word' id='word_1_110' title='bbox 2195 1172 2296 1222; x_wconf 82' lang='lat' dir='ltr'><strong>suis</strong></span> <span class='ocrx_word' id='word_1_111' title='bbox 2326 1169 2480 1240; x_wconf 73' lang='lat' dir='ltr'><strong>plane</strong></span> <span class='ocrx_word' id='word_1_112' title='bbox 2513 1170 2769 1240; x_wconf 81' lang='lat' dir='ltr'><strong>neglectus</strong></span> <span class='ocrx_word' id='word_1_113' title='bbox 2803 1184 2895 1223; x_wconf 91' lang='lat' dir='ltr'><strong>est.</strong></span> 
     </span>
     <span class='ocr_line' id='line_1_13' title="bbox 755 1251 2896 1327; baseline 0.003 -24"><span class='ocrx_word' id='word_1_114' title='bbox 755 1252 893 1317; x_wconf 85' lang='lat' dir='ltr'><strong>Quin</strong></span> <span class='ocrx_word' id='word_1_115' title='bbox 938 1255 1112 1315; x_wconf 81' lang='lat' dir='ltr'><strong>etiam,</strong></span> <span class='ocrx_word' id='word_1_116' title='bbox 1160 1270 1274 1304; x_wconf 86' lang='lat' dir='ltr'><strong>cum</strong></span> <span class='ocrx_word' id='word_1_117' title='bbox 1316 1251 1505 1305; x_wconf 88' lang='lat' dir='ltr'><strong>deinde</strong></span> <span class='ocrx_word' id='word_1_118' title='bbox 1542 1254 1866 1306; x_wconf 74' lang='lat' dir='ltr'><strong>familiaribus</strong></span> <span class='ocrx_word' id='word_1_119' title='bbox 1907 1255 2176 1327; x_wconf 77' lang='lat' dir='ltr'><strong>colloquiis</strong></span> <span class='ocrx_word' id='word_1_120' title='bbox 2216 1256 2496 1326; x_wconf 72' lang='lat' dir='ltr'><strong>legatorum</strong></span> <span class='ocrx_word' id='word_1_121' title='bbox 2531 1274 2622 1321; x_wconf 75' lang='lat' dir='ltr'><strong>rex</strong></span> <span class='ocrx_word' id='word_1_122' title='bbox 2654 1269 2896 1319; x_wconf 89' lang='lat' dir='ltr'><strong>uteretur,</strong></span> 
     </span>
     <span class='ocr_line' id='line_1_14' title="bbox 756 1338 2896 1408; baseline 0.003 -20"><span class='ocrx_word' id='word_1_123' title='bbox 756 1356 943 1408; x_wconf 86' lang='lat' dir='ltr'><strong>eosque</strong></span> <span class='ocrx_word' id='word_1_124' title='bbox 976 1339 1185 1389; x_wconf 88' lang='lat' dir='ltr'><strong>honoris</strong></span> <span class='ocrx_word' id='word_1_125' title='bbox 1220 1357 1367 1390; x_wconf 87' lang='lat' dir='ltr'><strong>causa</strong></span> <span class='ocrx_word' id='word_1_126' title='bbox 1399 1338 1461 1390; x_wconf 78' lang='lat' dir='ltr'><strong>ad</strong></span> <span class='ocrx_word' id='word_1_127' title='bbox 1499 1355 1710 1391; x_wconf 88' lang='lat' dir='ltr'><strong>coenam</strong></span> <span class='ocrx_word' id='word_1_128' title='bbox 1734 1343 1986 1404; x_wconf 76' lang='lat' dir='ltr'><strong>invitaret,</strong></span> <span class='ocrx_word' id='word_1_129' title='bbox 2025 1344 2230 1393; x_wconf 90' lang='lat' dir='ltr'><strong>minime</strong></span> <span class='ocrx_word' id='word_1_130' title='bbox 2248 1341 2511 1393; x_wconf 74' lang='lat' dir='ltr'><strong>affabilem</strong></span> <span class='ocrx_word' id='word_1_131' title='bbox 2529 1341 2896 1394; x_wconf 79' lang='lat' dir='ltr'><strong>Demosthenes</strong></span> 
     </span>
     <span class='ocr_line' id='line_1_15' title="bbox 756 1412 2898 1496; baseline 0.003 -21"><span class='ocrx_word' id='word_1_132' title='bbox 756 1442 810 1476; x_wconf 87' lang='lat' dir='ltr'><strong>se</strong></span> <span class='ocrx_word' id='word_1_133' title='bbox 844 1425 1097 1495; x_wconf 83' lang='lat' dir='ltr'><strong>praebuit3</strong></span> <span class='ocrx_word' id='word_1_134' title='bbox 1135 1435 1186 1475; x_wconf 91' lang='lat' dir='ltr'><strong>et</strong></span> <span class='ocrx_word' id='word_1_135' title='bbox 1218 1427 1272 1475; x_wconf 89' lang='lat' dir='ltr'><strong>in</strong></span> <span class='ocrx_word' id='word_1_136' title='bbox 1305 1423 1488 1488; x_wconf 86' lang='lat' dir='ltr'><strong>reditu,</strong></span> <span class='ocrx_word' id='word_1_137' title='bbox 1528 1427 1570 1476; x_wconf 88' lang='lat' dir='ltr'><strong>si</strong></span> <span class='ocrx_word' id='word_1_138' title='bbox 1602 1412 1777 1477; x_wconf 79' lang='lat' dir='ltr'><strong>verum</strong></span> <span class='ocrx_word' id='word_1_139' title='bbox 1811 1428 1894 1490; x_wconf 79' lang='lat' dir='ltr'><strong>sit,</strong></span> <span class='ocrx_word' id='word_1_140' title='bbox 1932 1425 2072 1496; x_wconf 88' lang='lat' dir='ltr'><strong>quod</strong></span> <span class='ocrx_word' id='word_1_141' title='bbox 2106 1426 2378 1479; x_wconf 75' lang='lat' dir='ltr'><strong>Aeschines</strong></span> <span class='ocrx_word' id='word_1_142' title='bbox 2408 1427 2707 1480; x_wconf 79' lang='lat' dir='ltr'><strong>testimoniis</strong></span> <span class='ocrx_word' id='word_1_143' title='bbox 2741 1428 2898 1480; x_wconf 80' lang='lat' dir='ltr'><strong>colle-</strong></span> 
     </span>
     <span class='ocr_line' id='line_1_16' title="bbox 755 1508 2894 1582; baseline 0 -22"><span class='ocrx_word' id='word_1_144' title='bbox 755 1528 926 1579; x_wconf 83' lang='lat' dir='ltr'><strong>garum</strong></span> <span class='ocrx_word' id='word_1_145' title='bbox 960 1509 1192 1572; x_wconf 74' lang='lat' dir='ltr'><strong>firmavit,</strong></span> <span class='ocrx_word' id='word_1_146' title='bbox 1231 1508 1632 1561; x_wconf 70' lang='lat' dir='ltr'><strong>insidiosissimis</strong></span> <span class='ocrx_word' id='word_1_147' title='bbox 1666 1513 1910 1582; x_wconf 82' lang='lat' dir='ltr'><strong>apparuit.</strong></span> <span class='ocrx_word' id='word_1_148' title='bbox 1970 1511 2162 1563; x_wconf 84' lang='lat' dir='ltr'><strong>Tamen</strong></span> <span class='ocrx_word' id='word_1_149' title='bbox 2189 1528 2311 1561; x_wconf 68' lang='lat' dir='ltr'><strong>cum⁴</strong></span> <span class='ocrx_word' id='word_1_150' title='bbox 2325 1511 2551 1561; x_wconf 60' lang='lat' dir='ltr'><strong>Menas</strong></span> <span class='ocrx_word' id='word_1_151' title='bbox 2565 1515 2777 1579; x_wconf 70' lang='lat' dir='ltr'><strong>regressi</strong></span> <span class='ocrx_word' id='word_1_152' title='bbox 2797 1514 2894 1561; x_wconf 84' lang='lat' dir='ltr'><strong>cir·</strong></span> 
     </span>
     <span class='ocr_line' id='line_1_17' title="bbox 754 1593 2894 1664; baseline 0 -19"><span class='ocrx_word' id='word_1_153' title='bbox 754 1613 868 1645; x_wconf 89' lang='lat' dir='ltr'><strong>cum</strong></span> <span class='ocrx_word' id='word_1_154' title='bbox 903 1598 1098 1644; x_wconf 86' lang='lat' dir='ltr'><strong>initium</strong></span> <span class='ocrx_word' id='word_1_155' title='bbox 1134 1593 1553 1663; x_wconf 84' lang='lat' dir='ltr'><strong>Elaphebolionis</strong></span> <span class='ocrx_word' id='word_1_156' title='bbox 1587 1598 1691 1654; x_wconf 80' lang='lat' dir='ltr'><strong>sive</strong></span> <span class='ocrx_word' id='word_1_157' title='bbox 1722 1596 1889 1644; x_wconf 82' lang='lat' dir='ltr'><strong>Martii</strong></span> <span class='ocrx_word' id='word_1_158' title='bbox 1923 1610 1991 1642; x_wconf 90' lang='lat' dir='ltr'><strong>m.</strong></span> <span class='ocrx_word' id='word_1_159' title='bbox 2032 1593 2238 1660; x_wconf 53' lang='lat' dir='ltr'><strong>(Aeschss</strong></span> <span class='ocrx_word' id='word_1_160' title='bbox 2265 1596 2319 1643; x_wconf 84' lang='lat' dir='ltr'><strong>in</strong></span> <span class='ocrx_word' id='word_1_161' title='bbox 2342 1593 2487 1645; x_wconf 60' lang='lat' dir='ltr'><strong>Cteu</strong></span> <span class='ocrx_word' id='word_1_162' title='bbox 2520 1595 2702 1664; x_wconf 63' lang='grc' dir='ltr'><strong>μω.)</strong></span> <span class='ocrx_word' id='word_1_163' title='bbox 2735 1593 2799 1646; x_wconf 84' lang='lat' dir='ltr'><strong>de</strong></span> <span class='ocrx_word' id='word_1_164' title='bbox 2822 1596 2894 1646; x_wconf 90' lang='lat' dir='ltr'><strong>le-</strong></span> 
     </span>
     <span class='ocr_line' id='line_1_18' title="bbox 750 1676 2892 1751; baseline 0 -19"><span class='ocrx_word' id='word_1_165' title='bbox 750 1683 948 1751; x_wconf 81' lang='lat' dir='ltr'><strong>gatione</strong></span> <span class='ocrx_word' id='word_1_166' title='bbox 980 1679 1109 1730; x_wconf 85' lang='lat' dir='ltr'><strong>facta</strong></span> <span class='ocrx_word' id='word_1_167' title='bbox 1146 1677 1208 1729; x_wconf 89' lang='lat' dir='ltr'><strong>ad</strong></span> <span class='ocrx_word' id='word_1_168' title='bbox 1244 1689 1470 1730; x_wconf 84' lang='lat' dir='ltr'><strong>senatum</strong></span> <span class='ocrx_word' id='word_1_169' title='bbox 1505 1679 1790 1731; x_wconf 84' lang='lat' dir='ltr'><strong>retulissent</strong></span> <span class='ocrx_word' id='word_1_170' title='bbox 1824 1678 2188 1750; x_wconf 77' lang='lat' dir='ltr'><strong>epistolamque</strong></span> <span class='ocrx_word' id='word_1_171' title='bbox 2218 1696 2249 1730; x_wconf 88' lang='lat' dir='ltr'><strong>a</strong></span> <span class='ocrx_word' id='word_1_172' title='bbox 2269 1676 2512 1751; x_wconf 85' lang='lat' dir='ltr'><strong>Philippo</strong></span> <span class='ocrx_word' id='word_1_173' title='bbox 2535 1680 2769 1750; x_wconf 81' lang='lat' dir='ltr'><strong>scriptam</strong></span> <span class='ocrx_word' id='word_1_174' title='bbox 2791 1693 2892 1733; x_wconf 89' lang='lat' dir='ltr'><strong>tra-</strong></span> 
     </span>
     <span class='ocr_line' id='line_1_19' title="bbox 752 1763 2895 1835; baseline 0 -18"><span class='ocrx_word' id='word_1_175' title='bbox 752 1765 1010 1826; x_wconf 84' lang='lat' dir='ltr'><strong>didissent,</strong></span> <span class='ocrx_word' id='word_1_176' title='bbox 1048 1763 1435 1826; x_wconf 77' lang='lat' dir='ltr'><strong>Demosthenes,</strong></span> <span class='ocrx_word' id='word_1_177' title='bbox 1474 1767 1566 1832; x_wconf 88' lang='lat' dir='ltr'><strong>qui</strong></span> <span class='ocrx_word' id='word_1_178' title='bbox 1596 1767 1707 1832; x_wconf 88' lang='lat' dir='ltr'><strong>ipse</strong></span> <span class='ocrx_word' id='word_1_179' title='bbox 1741 1764 1843 1814; x_wconf 88' lang='lat' dir='ltr'><strong>hoo</strong></span> <span class='ocrx_word' id='word_1_180' title='bbox 1877 1779 2012 1814; x_wconf 78' lang='lat' dir='ltr'><strong>anno</strong></span> <span class='ocrx_word' id='word_1_181' title='bbox 2045 1774 2246 1816; x_wconf 77' lang='lat' dir='ltr'><strong>senator</strong></span> <span class='ocrx_word' id='word_1_182' title='bbox 2265 1774 2388 1825; x_wconf 77' lang='lat' dir='ltr'><strong>erat,</strong></span> <span class='ocrx_word' id='word_1_183' title='bbox 2427 1764 2616 1834; x_wconf 75' lang='lat' dir='ltr'><strong>legatos</strong></span> <span class='ocrx_word' id='word_1_184' title='bbox 2634 1766 2895 1835; x_wconf 79' lang='lat' dir='ltr'><strong>republica</strong></span> 
     </span>
     <span class='ocr_line' id='line_1_20' title="bbox 753 1846 2892 1919; baseline 0 -18"><span class='ocrx_word' id='word_1_185' title='bbox 753 1851 932 1919; x_wconf 87' lang='lat' dir='ltr'><strong>dignos</strong></span> <span class='ocrx_word' id='word_1_186' title='bbox 964 1846 1173 1898; x_wconf 85' lang='lat' dir='ltr'><strong>laudans</strong></span> <span class='ocrx_word' id='word_1_187' title='bbox 1205 1847 1339 1908; x_wconf 87' lang='lat' dir='ltr'><strong>tulit,</strong></span> <span class='ocrx_word' id='word_1_188' title='bbox 1376 1857 1435 1897; x_wconf 88' lang='lat' dir='ltr'><strong>ut</strong></span> <span class='ocrx_word' id='word_1_189' title='bbox 1469 1849 1682 1917; x_wconf 79' lang='lat' dir='ltr'><strong>quisque</strong></span> <span class='ocrx_word' id='word_1_190' title='bbox 1719 1862 1895 1897; x_wconf 89' lang='lat' dir='ltr'><strong>eorum</strong></span> <span class='ocrx_word' id='word_1_191' title='bbox 1931 1846 2062 1898; x_wconf 78' lang='lat' dir='ltr'><strong>oliva</strong></span> <span class='ocrx_word' id='word_1_192' title='bbox 2096 1857 2421 1898; x_wconf 76' lang='lat' dir='ltr'><strong>coronaretur</strong></span> <span class='ocrx_word' id='word_1_193' title='bbox 2446 1865 2718 1918; x_wconf 79' lang='lat' dir='ltr'><strong>oumesque</strong></span> <span class='ocrx_word' id='word_1_194' title='bbox 2740 1853 2794 1901; x_wconf 87' lang='lat' dir='ltr'><strong>in</strong></span> <span class='ocrx_word' id='word_1_195' title='bbox 2815 1867 2892 1902; x_wconf 81' lang='lat' dir='ltr'><strong>se·</strong></span> 
     </span>
     <span class='ocr_line' id='line_1_21' title="bbox 755 1929 2893 2005; baseline 0 -19"><span class='ocrx_word' id='word_1_196' title='bbox 755 1945 990 2005; x_wconf 85' lang='lat' dir='ltr'><strong>quentem</strong></span> <span class='ocrx_word' id='word_1_197' title='bbox 1037 1932 1168 1983; x_wconf 88' lang='lat' dir='ltr'><strong>diem</strong></span> <span class='ocrx_word' id='word_1_198' title='bbox 1210 1929 1273 1982; x_wconf 91' lang='lat' dir='ltr'><strong>ad</strong></span> <span class='ocrx_word' id='word_1_199' title='bbox 1315 1946 1523 1982; x_wconf 84' lang='lat' dir='ltr'><strong>coenam</strong></span> <span class='ocrx_word' id='word_1_200' title='bbox 1567 1934 1620 1980; x_wconf 86' lang='lat' dir='ltr'><strong>in</strong></span> <span class='ocrx_word' id='word_1_201' title='bbox 1660 1942 1956 1999; x_wconf 79' lang='lat' dir='ltr'><strong>prytaneum</strong></span> <span class='ocrx_word' id='word_1_202' title='bbox 1976 1933 2332 1991; x_wconf 74' lang='lat' dir='ltr'><strong>invitarentur.</strong></span> <span class='ocrx_word' id='word_1_203' title='bbox 2353 1932 2474 2000; x_wconf 81' lang='lat'>(¹⁴⁴)</span> <span class='ocrx_word' id='word_1_204' title='bbox 2545 1932 2675 1984; x_wconf 90' lang='lat' dir='ltr'><strong>Cum</strong></span> <span class='ocrx_word' id='word_1_205' title='bbox 2711 1934 2893 1987; x_wconf 88' lang='lat' dir='ltr'><strong>deinde</strong></span> 
     </span>
     <span class='ocr_line' id='line_1_22' title="bbox 755 2012 2892 2089; baseline 0 -20"><span class='ocrx_word' id='word_1_206' title='bbox 755 2021 814 2069; x_wconf 91' lang='lat' dir='ltr'><strong>ad</strong></span> <span class='ocrx_word' id='word_1_207' title='bbox 850 2018 1097 2088; x_wconf 87' lang='lat' dir='ltr'><strong>populum</strong></span> <span class='ocrx_word' id='word_1_208' title='bbox 1132 2015 1402 2074; x_wconf 82' lang='lat' dir='ltr'><strong>referrent,</strong></span> <span class='ocrx_word' id='word_1_209' title='bbox 1450 2012 1731 2083; x_wconf 85' lang='lat' dir='ltr'><strong>Ctesiphon</strong></span> <span class='ocrx_word' id='word_1_210' title='bbox 1774 2025 1895 2063; x_wconf 84' lang='lat' dir='ltr'><strong>natu</strong></span> <span class='ocrx_word' id='word_1_211' title='bbox 1929 2017 2061 2064; x_wconf 86' lang='lat' dir='ltr'><strong>inter</strong></span> <span class='ocrx_word' id='word_1_212' title='bbox 2093 2015 2284 2084; x_wconf 76' lang='lat' dir='ltr'><strong>legatos</strong></span> <span class='ocrx_word' id='word_1_213' title='bbox 2317 2020 2559 2068; x_wconf 78' lang='lat' dir='ltr'><strong>maximus</strong></span> <span class='ocrx_word' id='word_1_214' title='bbox 2592 2022 2782 2089; x_wconf 73' lang='lat' dir='ltr'><strong>primus</strong></span> <span class='ocrx_word' id='word_1_215' title='bbox 2814 2021 2892 2069; x_wconf 91' lang='lat' dir='ltr'><strong>lo-</strong></span> 
     </span>
     <span class='ocr_line' id='line_1_23' title="bbox 752 2096 2892 2170; baseline 0 -16"><span class='ocrx_word' id='word_1_216' title='bbox 752 2115 892 2154; x_wconf 86' lang='lat' dir='ltr'><strong>cutus</strong></span> <span class='ocrx_word' id='word_1_217' title='bbox 934 2105 1064 2152; x_wconf 90' lang='lat' dir='ltr'><strong>inter</strong></span> <span class='ocrx_word' id='word_1_218' title='bbox 1106 2100 1200 2150; x_wconf 83' lang='lat' dir='ltr'><strong>alia</strong></span> <span class='ocrx_word' id='word_1_219' title='bbox 1244 2098 1586 2153; x_wconf 75' lang='lat' dir='ltr'><strong>affabilitatem</strong></span> <span class='ocrx_word' id='word_1_220' title='bbox 1626 2100 1756 2169; x_wconf 78' lang='lat' dir='ltr'><strong>regis</strong></span> <span class='ocrx_word' id='word_1_221' title='bbox 1796 2096 2017 2150; x_wconf 79' lang='lat' dir='ltr'><strong>laudavit</strong></span> <span class='ocrx_word' id='word_1_222' title='bbox 2049 2100 2257 2170; x_wconf 71' lang='lat' dir='ltr'><strong>eioeque</strong></span> <span class='ocrx_word' id='word_1_223' title='bbox 2272 2135 2275 2137; x_wconf 95' lang='lat'>-</span> <span class='ocrx_word' id='word_1_224' title='bbox 2289 2099 2506 2151; x_wconf 79' lang='lat' dir='ltr'><strong>formam</strong></span> <span class='ocrx_word' id='word_1_225' title='bbox 2537 2119 2595 2153; x_wconf 79' lang='lat' dir='ltr'><strong>ac</strong></span> <span class='ocrx_word' id='word_1_226' title='bbox 2630 2100 2892 2155; x_wconf 84' lang='lat' dir='ltr'><strong>dexterita-</strong></span> 
     </span>
     <span class='ocr_line' id='line_1_24' title="bbox 750 2183 2890 2259; baseline -0.001 -17"><span class='ocrx_word' id='word_1_227' title='bbox 750 2204 852 2242; x_wconf 88' lang='lat' dir='ltr'><strong>tem</strong></span> <span class='ocrx_word' id='word_1_228' title='bbox 886 2192 941 2239; x_wconf 89' lang='lat' dir='ltr'><strong>in</strong></span> <span class='ocrx_word' id='word_1_229' title='bbox 976 2186 1458 2256; x_wconf 80' lang='lat' dir='ltr'><strong>compotationibus3</strong></span> <span class='ocrx_word' id='word_1_230' title='bbox 1506 2197 1556 2236; x_wconf 87' lang='lat' dir='ltr'><strong>et</strong></span> <span class='ocrx_word' id='word_1_231' title='bbox 1588 2196 1706 2259; x_wconf 86' lang='lat' dir='ltr'><strong>post</strong></span> <span class='ocrx_word' id='word_1_232' title='bbox 1740 2183 1875 2236; x_wconf 86' lang='lat' dir='ltr'><strong>hunc</strong></span> <span class='ocrx_word' id='word_1_233' title='bbox 1909 2184 2193 2237; x_wconf 74' lang='lat' dir='ltr'><strong>Philocrate</strong></span> <span class='ocrx_word' id='word_1_234' title='bbox 2234 2196 2286 2237; x_wconf 89' lang='lat' dir='ltr'><strong>et</strong></span> <span class='ocrx_word' id='word_1_235' title='bbox 2318 2185 2541 2257; x_wconf 78' lang='lat' dir='ltr'><strong>Dercylo</strong></span> <span class='ocrx_word' id='word_1_236' title='bbox 2575 2187 2755 2239; x_wconf 83' lang='lat' dir='ltr'><strong>locutis</strong></span> <span class='ocrx_word' id='word_1_237' title='bbox 2788 2190 2890 2240; x_wconf 81' lang='lat' dir='ltr'><strong>Ae-</strong></span> 
     </span>
     <span class='ocr_line' id='line_1_25' title="bbox 752 2266 2889 2344; baseline -0.001 -18"><span class='ocrx_word' id='word_1_238' title='bbox 752 2276 947 2326; x_wconf 86' lang='lat' dir='ltr'><strong>schines</strong></span> <span class='ocrx_word' id='word_1_239' title='bbox 983 2272 1091 2325; x_wconf 81' lang='lat' dir='ltr'><strong>aliis</strong></span> <span class='ocrx_word' id='word_1_240' title='bbox 1125 2271 1225 2322; x_wconf 88' lang='lat' dir='ltr'><strong>hoc</strong></span> <span class='ocrx_word' id='word_1_241' title='bbox 1259 2270 1456 2333; x_wconf 77' lang='lat' dir='ltr'><strong>adiecit,</strong></span> <span class='ocrx_word' id='word_1_242' title='bbox 1493 2266 1786 2340; x_wconf 79' lang='lat' dir='ltr'><strong>Philippum</strong></span> <span class='ocrx_word' id='word_1_243' title='bbox 1822 2283 2069 2322; x_wconf 86' lang='lat' dir='ltr'><strong>oratorem</strong></span> <span class='ocrx_word' id='word_1_244' title='bbox 2109 2288 2216 2323; x_wconf 84' lang='lat' dir='ltr'><strong>esse</strong></span> <span class='ocrx_word' id='word_1_245' title='bbox 2250 2273 2385 2323; x_wconf 82' lang='lat' dir='ltr'><strong>hona</strong></span> <span class='ocrx_word' id='word_1_246' title='bbox 2419 2276 2658 2323; x_wconf 87' lang='lat' dir='ltr'><strong>memoria</strong></span> <span class='ocrx_word' id='word_1_247' title='bbox 2692 2292 2889 2344; x_wconf 81' lang='lat' dir='ltr'><strong>magna-</strong></span> 
     </span>
     <span class='ocr_line' id='line_1_26' title="bbox 753 2356 2889 2431; baseline -0 -20"><span class='ocrx_word' id='word_1_248' title='bbox 753 2377 849 2431; x_wconf 88' lang='lat' dir='ltr'><strong>que</strong></span> <span class='ocrx_word' id='word_1_249' title='bbox 884 2363 951 2411; x_wconf 84' lang='lat' dir='ltr'><strong>vi.</strong></span> <span class='ocrx_word' id='word_1_250' title='bbox 1026 2358 1292 2409; x_wconf 86' lang='lat' dir='ltr'><strong>Postremo</strong></span> <span class='ocrx_word' id='word_1_251' title='bbox 1323 2356 1691 2416; x_wconf 82' lang='lat' dir='ltr'><strong>Demosthenes</strong></span> <span class='ocrx_word' id='word_1_252' title='bbox 1724 2367 1785 2407; x_wconf 85' lang='lat' dir='ltr'><strong>ut</strong></span> <span class='ocrx_word' id='word_1_253' title='bbox 1816 2372 1970 2427; x_wconf 81' lang='lat' dir='ltr'><strong>nugas</strong></span> <span class='ocrx_word' id='word_1_254' title='bbox 2000 2357 2116 2409; x_wconf 77' lang='lat' dir='ltr'><strong>talia</strong></span> <span class='ocrx_word' id='word_1_255' title='bbox 2146 2358 2298 2409; x_wconf 79' lang='lat' dir='ltr'><strong>verba</strong></span> <span class='ocrx_word' id='word_1_256' title='bbox 2321 2356 2534 2409; x_wconf 78' lang='lat' dir='ltr'><strong>irridens</strong></span> <span class='ocrx_word' id='word_1_257' title='bbox 2557 2357 2793 2422; x_wconf 77' lang='lat' dir='ltr'><strong>decrevit,</strong></span> <span class='ocrx_word' id='word_1_258' title='bbox 2834 2372 2889 2410; x_wconf 91' lang='lat' dir='ltr'><strong>ut</strong></span> 
     </span>
     <span class='ocr_line' id='line_1_27' title="bbox 751 2440 2889 2514; baseline -0.001 -17"><span class='ocrx_word' id='word_1_259' title='bbox 751 2465 865 2497; x_wconf 86' lang='lat' dir='ltr'><strong>cum</strong></span> <span class='ocrx_word' id='word_1_260' title='bbox 899 2444 1227 2495; x_wconf 81' lang='lat' dir='ltr'><strong>caduceatore</strong></span> <span class='ocrx_word' id='word_1_261' title='bbox 1261 2460 1289 2493; x_wconf 88' lang='lat' dir='ltr'><strong>a</strong></span> <span class='ocrx_word' id='word_1_262' title='bbox 1323 2440 1565 2512; x_wconf 88' lang='lat' dir='ltr'><strong>Philippo</strong></span> <span class='ocrx_word' id='word_1_263' title='bbox 1600 2443 1823 2494; x_wconf 86' lang='lat' dir='ltr'><strong>Athenas</strong></span> <span class='ocrx_word' id='word_1_264' title='bbox 1859 2445 2006 2494; x_wconf 85' lang='lat' dir='ltr'><strong>misso</strong></span> <span class='ocrx_word' id='word_1_265' title='bbox 2040 2454 2357 2513; x_wconf 70' lang='lat' dir='ltr'><strong>pungeretur,</strong></span> <span class='ocrx_word' id='word_1_266' title='bbox 2405 2447 2526 2494; x_wconf 89' lang='lat' dir='ltr'><strong>item</strong></span> <span class='ocrx_word' id='word_1_267' title='bbox 2567 2462 2681 2494; x_wconf 88' lang='lat' dir='ltr'><strong>cum</strong></span> <span class='ocrx_word' id='word_1_268' title='bbox 2715 2444 2889 2514; x_wconf 78' lang='lat' dir='ltr'><strong>legatis</strong></span> 
     </span>
     <span class='ocr_line' id='line_1_28' title="bbox 752 2526 2888 2599; baseline -0.001 -18"><span class='ocrx_word' id='word_1_269' title='bbox 752 2535 857 2581; x_wconf 87' lang='lat' dir='ltr'><strong>eius</strong></span> <span class='ocrx_word' id='word_1_270' title='bbox 891 2532 1125 2590; x_wconf 80' lang='lat' dir='ltr'><strong>venturis,</strong></span> <span class='ocrx_word' id='word_1_271' title='bbox 1165 2540 1216 2579; x_wconf 88' lang='lat' dir='ltr'><strong>et</strong></span> <span class='ocrx_word' id='word_1_272' title='bbox 1250 2540 1323 2590; x_wconf 91' lang='lat' dir='ltr'><strong>ut,</strong></span> <span class='ocrx_word' id='word_1_273' title='bbox 1363 2546 1478 2578; x_wconf 90' lang='lat' dir='ltr'><strong>cum</strong></span> <span class='ocrx_word' id='word_1_274' title='bbox 1512 2531 1729 2598; x_wconf 88' lang='lat' dir='ltr'><strong>primum</strong></span> <span class='ocrx_word' id='word_1_275' title='bbox 1764 2530 1800 2577; x_wconf 92' lang='lat' dir='ltr'><strong>ii</strong></span> <span class='ocrx_word' id='word_1_276' title='bbox 1836 2526 2164 2590; x_wconf 87' lang='lat' dir='ltr'><strong>advenissent,</strong></span> <span class='ocrx_word' id='word_1_277' title='bbox 2215 2527 2406 2579; x_wconf 84' lang='lat' dir='ltr'><strong>duabus</strong></span> <span class='ocrx_word' id='word_1_278' title='bbox 2442 2527 2677 2599; x_wconf 89' lang='lat' dir='ltr'><strong>deinceps</strong></span> <span class='ocrx_word' id='word_1_279' title='bbox 2713 2529 2888 2593; x_wconf 84' lang='lat' dir='ltr'><strong>diebus</strong></span> 
     </span>
     <span class='ocr_line' id='line_1_29' title="bbox 751 2608 2882 2684; baseline -0.002 -17"><span class='ocrx_word' id='word_1_280' title='bbox 751 2617 1047 2667; x_wconf 88' lang='lat' dir='ltr'><strong>concionem</strong></span> <span class='ocrx_word' id='word_1_281' title='bbox 1082 2625 1313 2684; x_wconf 75' lang='lat' dir='ltr'><strong>prytanea</strong></span> <span class='ocrx_word' id='word_1_282' title='bbox 1347 2625 1699 2676; x_wconf 82' lang='lat' dir='ltr'><strong>convocarent,</strong></span> <span class='ocrx_word' id='word_1_283' title='bbox 1742 2629 1844 2682; x_wconf 84' lang='lat' dir='ltr'><strong>qua</strong></span> <span class='ocrx_word' id='word_1_284' title='bbox 1876 2623 1926 2663; x_wconf 88' lang='lat' dir='ltr'><strong>et</strong></span> <span class='ocrx_word' id='word_1_285' title='bbox 1960 2611 2022 2663; x_wconf 89' lang='lat' dir='ltr'><strong>de</strong></span> <span class='ocrx_word' id='word_1_286' title='bbox 2056 2608 2181 2684; x_wconf 87' lang='lat' dir='ltr'><strong>pace</strong></span> <span class='ocrx_word' id='word_1_287' title='bbox 2216 2624 2267 2664; x_wconf 91' lang='lat' dir='ltr'><strong>et</strong></span> <span class='ocrx_word' id='word_1_288' title='bbox 2302 2612 2366 2683; x_wconf 88' lang='lat' dir='ltr'><strong>de</strong></span> <span class='ocrx_word' id='word_1_289' title='bbox 2399 2613 2604 2665; x_wconf 87' lang='lat' dir='ltr'><strong>foedere</strong></span> <span class='ocrx_word' id='word_1_290' title='bbox 2640 2624 2882 2683; x_wconf 87' lang='lat' dir='ltr'><strong>ageretur.</strong></span> 
     </span>
     <span class='ocr_line' id='line_1_30' title="bbox 711 2692 2884 2767; baseline -0.001 -17"><span class='ocrx_word' id='word_1_291' title='bbox 711 2758 713 2761; x_wconf 86' lang='lat'>.</span> <span class='ocrx_word' id='word_1_292' title='bbox 749 2699 892 2750; x_wconf 89' lang='lat' dir='ltr'><strong>Idem</strong></span> <span class='ocrx_word' id='word_1_293' title='bbox 928 2698 1137 2767; x_wconf 84' lang='lat' dir='ltr'><strong>posthac</strong></span> <span class='ocrx_word' id='word_1_294' title='bbox 1170 2701 1223 2748; x_wconf 89' lang='lat' dir='ltr'><strong>in</strong></span> <span class='ocrx_word' id='word_1_295' title='bbox 1257 2710 1430 2749; x_wconf 87' lang='lat' dir='ltr'><strong>senatu</strong></span> <span class='ocrx_word' id='word_1_296' title='bbox 1461 2699 1595 2761; x_wconf 84' lang='lat' dir='ltr'><strong>tulit,</strong></span> <span class='ocrx_word' id='word_1_297' title='bbox 1633 2709 1692 2749; x_wconf 90' lang='lat' dir='ltr'><strong>ut</strong></span> <span class='ocrx_word' id='word_1_298' title='bbox 1712 2698 1885 2765; x_wconf 85' lang='lat' dir='ltr'><strong>legatis</strong></span> <span class='ocrx_word' id='word_1_299' title='bbox 1907 2696 2133 2767; x_wconf 85' lang='lat' dir='ltr'><strong>Philippi</strong></span> <span class='ocrx_word' id='word_1_300' title='bbox 2154 2696 2299 2763; x_wconf 85' lang='lat' dir='ltr'><strong>locus</strong></span> <span class='ocrx_word' id='word_1_301' title='bbox 2319 2692 2576 2767; x_wconf 80' lang='lat' dir='ltr'><strong>spectandi</strong></span> <span class='ocrx_word' id='word_1_302' title='bbox 2598 2700 2735 2750; x_wconf 80' lang='lat' dir='ltr'><strong>festis</strong></span> <span class='ocrx_word' id='word_1_303' title='bbox 2757 2697 2884 2748; x_wconf 91' lang='lat' dir='ltr'><strong>Dio·</strong></span> 
     </span>
     <span class='ocr_line' id='line_1_31' title="bbox 749 2778 2884 2854; baseline -0.002 -19"><span class='ocrx_word' id='word_1_304' title='bbox 749 2787 901 2854; x_wconf 87' lang='lat' dir='ltr'><strong>nysiis</strong></span> <span class='ocrx_word' id='word_1_305' title='bbox 946 2784 1289 2851; x_wconf 87' lang='lat' dir='ltr'><strong>assignaretur.</strong></span> <span class='ocrx_word' id='word_1_306' title='bbox 1363 2782 1484 2832; x_wconf 88' lang='lat' dir='ltr'><strong>Erat</strong></span> <span class='ocrx_word' id='word_1_307' title='bbox 1526 2785 1657 2833; x_wconf 89' lang='lat' dir='ltr'><strong>enim</strong></span> <span class='ocrx_word' id='word_1_308' title='bbox 1701 2794 1810 2832; x_wconf 88' lang='lat' dir='ltr'><strong>tum</strong></span> <span class='ocrx_word' id='word_1_309' title='bbox 1845 2794 2061 2845; x_wconf 88' lang='lat' dir='ltr'><strong>senator;</strong></span> <span class='ocrx_word' id='word_1_310' title='bbox 2106 2793 2257 2852; x_wconf 84' lang='lat' dir='ltr'><strong>atque</strong></span> <span class='ocrx_word' id='word_1_311' title='bbox 2291 2778 2502 2835; x_wconf 83' lang='lat' dir='ltr'><strong>multum</strong></span> <span class='ocrx_word' id='word_1_312' title='bbox 2523 2784 2678 2837; x_wconf 77' lang='lat' dir='ltr'><strong>,abest</strong></span> <span class='ocrx_word' id='word_1_313' title='bbox 2711 2794 2784 2844; x_wconf 88' lang='lat' dir='ltr'><strong>ut,</strong></span> <span class='ocrx_word' id='word_1_314' title='bbox 2833 2782 2884 2832; x_wconf 92' lang='lat' dir='ltr'><strong>id</strong></span> 
     </span>
     <span class='ocr_line' id='line_1_32' title="bbox 750 2866 2882 2940; baseline -0.001 -19"><span class='ocrx_word' id='word_1_315' title='bbox 750 2869 888 2940; x_wconf 83' lang='lat' dir='ltr'><strong>quod</strong></span> <span class='ocrx_word' id='word_1_316' title='bbox 924 2867 1203 2920; x_wconf 85' lang='lat' dir='ltr'><strong>Aeschines</strong></span> <span class='ocrx_word' id='word_1_317' title='bbox 1237 2866 1440 2936; x_wconf 81' lang='lat' dir='ltr'><strong>quidem</strong></span> <span class='ocrx_word' id='word_1_318' title='bbox 1473 2868 1608 2931; x_wconf 85' lang='lat' dir='ltr'><strong>fecit,</strong></span> <span class='ocrx_word' id='word_1_319' title='bbox 1646 2871 1926 2938; x_wconf 80' lang='lat' dir='ltr'><strong>vituperem</strong></span> <span class='ocrx_word' id='word_1_320' title='bbox 1961 2870 2065 2919; x_wconf 83' lang='lat' dir='ltr'><strong>eius</strong></span> <span class='ocrx_word' id='word_1_321' title='bbox 2086 2867 2215 2920; x_wconf 88' lang='lat' dir='ltr'><strong>hanc</strong></span> <span class='ocrx_word' id='word_1_322' title='bbox 2237 2872 2567 2940; x_wconf 71' lang='lat' dir='ltr'><strong>rogationem3</strong></span> <span class='ocrx_word' id='word_1_323' title='bbox 2604 2870 2773 2938; x_wconf 81' lang='lat' dir='ltr'><strong>potius</strong></span> <span class='ocrx_word' id='word_1_324' title='bbox 2797 2867 2882 2919; x_wconf 90' lang='lat' dir='ltr'><strong>de-</strong></span> 
     </span>
     <span class='ocr_line' id='line_1_33' title="bbox 749 2952 2881 3024; baseline -0.001 -18"><span class='ocrx_word' id='word_1_325' title='bbox 749 2958 893 3007; x_wconf 89' lang='lat' dir='ltr'><strong>cebat</strong></span> <span class='ocrx_word' id='word_1_326' title='bbox 934 2955 1070 3005; x_wconf 88' lang='lat' dir='ltr'><strong>hunc</strong></span> <span class='ocrx_word' id='word_1_327' title='bbox 1113 2954 1362 3004; x_wconf 89' lang='lat' dir='ltr'><strong>honorem</strong></span> <span class='ocrx_word' id='word_1_328' title='bbox 1403 2952 1573 3024; x_wconf 85' lang='lat' dir='ltr'><strong>legatis</strong></span> <span class='ocrx_word' id='word_1_329' title='bbox 1614 2955 1743 3024; x_wconf 86' lang='lat' dir='ltr'><strong>regis</strong></span> <span class='ocrx_word' id='word_1_330' title='bbox 1777 2953 2015 3004; x_wconf 87' lang='lat' dir='ltr'><strong>tribuere:</strong></span> <span class='ocrx_word' id='word_1_331' title='bbox 2062 2970 2234 3006; x_wconf 81' lang='lat' dir='ltr'><strong>verum</strong></span> <span class='ocrx_word' id='word_1_332' title='bbox 2268 2971 2333 3006; x_wconf 89' lang='lat' dir='ltr'><strong>ne</strong></span> <span class='ocrx_word' id='word_1_333' title='bbox 2367 2965 2550 3024; x_wconf 84' lang='lat' dir='ltr'><strong>negato</strong></span> <span class='ocrx_word' id='word_1_334' title='bbox 2583 2953 2881 3005; x_wconf 83' lang='lat' dir='ltr'><strong>Demosthe-</strong></span> 
     </span>
     <span class='ocr_line' id='line_1_34' title="bbox 802 3135 2648 3191; baseline -0.002 -12"><span class='ocrx_word' id='word_1_335' title='bbox 802 3137 905 3191; x_wconf 74' lang='lat'><strong>(¹⁴³)</strong></span> <span class='ocrx_word' id='word_1_336' title='bbox 942 3139 1232 3180; x_wconf 78' lang='lat' dir='ltr'><strong>Recensiouem</strong></span> <span class='ocrx_word' id='word_1_337' title='bbox 1260 3137 1370 3191; x_wconf 83' lang='lat' dir='ltr'><strong>qussi</strong></span> <span class='ocrx_word' id='word_1_338' title='bbox 1397 3136 1509 3178; x_wconf 78' lang='lat' dir='ltr'><strong>huius</strong></span> <span class='ocrx_word' id='word_1_339' title='bbox 1536 3139 1723 3181; x_wconf 78' lang='lat' dir='ltr'><strong>orationis</strong></span> <span class='ocrx_word' id='word_1_340' title='bbox 1752 3135 1956 3179; x_wconf 79' lang='lat' dir='ltr'><strong>Aeschinis</strong></span> <span class='ocrx_word' id='word_1_341' title='bbox 1985 3138 2075 3179; x_wconf 87' lang='lat' dir='ltr'><strong>vide</strong></span> <span class='ocrx_word' id='word_1_342' title='bbox 2103 3152 2166 3191; x_wconf 76' lang='lat' dir='ltr'><strong>ap.</strong></span> <span class='ocrx_word' id='word_1_343' title='bbox 2196 3136 2424 3178; x_wconf 86' lang='lat' dir='ltr'><strong>Weiskium</strong></span> <span class='ocrx_word' id='word_1_344' title='bbox 2451 3135 2504 3176; x_wconf 86' lang='lat' dir='ltr'><strong>n.</strong></span> <span class='ocrx_word' id='word_1_345' title='bbox 2533 3136 2648 3190; x_wconf 80' lang='lat' dir='ltr'><strong>p.26.</strong></span> 
     </span>
     <span class='ocr_line' id='line_1_35' title="bbox 802 3208 1500 3268; baseline -0.003 -16"><span class='ocrx_word' id='word_1_346' title='bbox 802 3209 898 3265; x_wconf 55' lang='lat'>(¹⁴⁴)</span> <span class='ocrx_word' id='word_1_347' title='bbox 941 3210 1058 3254; x_wconf 72' lang='lat' dir='ltr'><strong>Demo</strong></span> <span class='ocrx_word' id='word_1_348' title='bbox 1089 3228 1130 3250; x_wconf 72' lang='grc' dir='ltr'><strong>π.</strong></span> <span class='ocrx_word' id='word_1_349' title='bbox 1161 3227 1328 3268; x_wconf 65' lang='grc' dir='ltr'><strong><em>παραπρ.</em></strong></span> <span class='ocrx_word' id='word_1_350' title='bbox 1358 3208 1500 3264; x_wconf 70' lang='grc' dir='ltr'><strong>Ρι414.</strong></span> 
     </span>
    </p>
   </div>
  </div>
 </body>
</html>
