3375 4043
1792 198 1865 256 18

1649 546 1867 618 PARS
1917 550 2006 617 ΙΙ.
2092 543 2095 545 ’

1153 678 1533 735 AESCHINES
1566 676 1884 731 PUBmms
1918 675 2143 730 annus
2176 676 2519 731 FUNGENS.

1770 806 1821 874 g.
1845 810 1891 854 1.

957 910 1227 978 Superiore
1262 911 1447 978 capite,
1496 905 1635 977 quod
1670 905 1722 957 id
1756 917 1947 957 tantum
1982 917 2179 976 tempus
2214 905 2592 974 complexurum
2626 923 2679 956 se
2713 908 2901 975 promi-

767 1005 911 1058 serat,
951 1011 1055 1064 quo
1080 993 1355 1046 Aeschines
1387 992 1615 1046 nondum
1640 991 1704 1045 ad
1726 992 2086 1063 rempublicam
2109 992 2407 1053 accessisset,
2446 991 2617 1041 omnia
2643 1006 2741 1041 una
2766 1007 2903 1041 com-

764 1079 1148 1152 prehendimus,
1195 1075 1323 1150 quae
1367 1079 1428 1131 ad
1466 1097 1665 1131 cursum
1698 1081 1792 1131 viri
1822 1081 1952 1131 vitae
1984 1080 2309 1148 pertinerent.
2381 1075 2500 1129 Non
2536 1073 2676 1145 quod
2713 1087 2907 1126 remota

765 1167 951 1217 fuerint
985 1183 1013 1215 a
1047 1165 1306 1234 republica
1342 1165 1685 1230 (versabantur
1719 1165 1853 1215 enim
1889 1180 2040 1232 quam
2074 1164 2284 1213 maxime
2318 1163 2371 1213 in
2406 1160 2538 1229 illa),
2574 1158 2663 1212 sed
2695 1171 2752 1211 ut
2782 1177 2905 1211 con·

766 1262 991 1320 spectum
1027 1248 1279 1320 quendam
1314 1267 1484 1300 earum
1517 1266 1686 1300 rerum
1718 1265 1827 1301 uno
1859 1258 2036 1299 tenore
2069 1246 2317 1310 daremus,
2356 1263 2486 1316 quae
2520 1245 2583 1297 ad
2610 1247 2702 1297 viri
2736 1247 2906 1313 imagi-

768 1353 886 1387 nem
928 1334 1268 1387 illustrandam
1305 1335 1545 1386 facerent.
1625 1333 1820 1386 Contra
1860 1332 1999 1402 quod
2037 1349 2175 1384 nunc
2213 1334 2483 1400 aggressuri
2527 1348 2694 1381 sumus
2735 1341 2904 1399 caput,

771 1425 831 1473 iis
866 1423 1293 1490 circumscriptum
1327 1423 1423 1471 erit
1454 1419 1706 1482 cancellis,
1743 1430 1801 1469 ut
1833 1420 1980 1469 unice
2013 1428 2309 1487 spectemus,
2351 1434 2588 1486 quasnam
2616 1417 2832 1467 rationes
2853 1417 2909 1464 in

772 1509 930 1559 causis
958 1505 1264 1576 reipublicae
1298 1509 1448 1575 pacis,
1481 1517 1539 1557 ut
1573 1506 1661 1574 qui
1697 1505 1926 1562 maxime,
1956 1520 2142 1562 suasor,
2178 1500 2400 1570 ideoque
2422 1500 2645 1568 Philippi
2670 1499 2906 1550 concilia·

770 1604 870 1654 tor,
910 1591 1028 1642 inde
1055 1590 1388 1641 Demostheni
1424 1589 1726 1641 adversarius
1760 1589 1942 1637 inierit.
1994 1585 2109 1638 Illic
2142 1601 2300 1635 unum
2331 1582 2437 1634 fere
2463 1581 2764 1634 Aeschinem
2787 1599 2907 1652 prae

771 1675 928 1726 oculis
962 1674 1245 1735 habuimus,
1284 1691 1420 1723 nunc
1454 1675 1551 1722 iam
1587 1674 1836 1723 civitatem
1862 1671 2080 1721 Atticam
2112 1671 2410 1730 intueamur,
2451 1669 2640 1737 quique
2665 1683 2908 1736 pervene-

768 1764 833 1809 rit
877 1760 939 1807 ad
976 1759 1179 1807 illorum
1213 1758 1591 1806 duumvirorum
1627 1759 1972 1804 auctoritatem
2013 1765 2064 1802 et
2097 1751 2492 1802 moderationem
2525 1755 2798 1802 accuratius
2831 1755 2906 1800 in-

770 1845 1085 1910 vestigemus.

965 1925 1204 1975 Graeciae
1238 1927 1457 1974 civitates
1493 1924 1613 1970 dum
1644 1926 1889 1989 imperare
1924 1920 2145 1987 singulae
2178 1931 2421 1988 cuperent
2443 1922 2708 1988 imperium
2733 1937 2908 1969 omnes

774 2010 1065 2081 perdidisse,
1104 2020 1244 2057 vetus
1278 2019 1353 2056 est
1388 2005 1520 2075 apud
1556 2006 1800 2055 Iustinum
1831 2004 1995 2069 (VIII.
2013 2007 2065 2070 1)
2101 2006 2363 2053 sententia.
2434 2004 2615 2072 Neque
2646 2017 2811 2053 tamen
2847 2022 2910 2052 ex

776 2107 947 2146 mutuo
980 2094 1081 2144 hoc
1115 2095 1266 2143 exitio
1303 2090 1390 2141 sed
1426 2107 1486 2140 ex
1518 2092 1724 2140 internis
1757 2091 1967 2139 maxime
2002 2090 2258 2139 civitatum
2291 2086 2503 2138 dissidiis
2526 2087 2711 2139 callido
2736 2105 2792 2138 ac
2804 2105 2909 2156 po·

773 2184 901 2232 tenti
939 2176 1274 2230 Macedonum
1313 2178 1417 2245 regi
1459 2177 1654 2245 copiam
1702 2174 1883 2225 factam
1922 2190 2028 2225 esse
2070 2170 2309 2225 Graeciae
2349 2190 2551 2224 manum
2594 2170 2905 2235 intendendi,

777 2269 868 2318 etsi
904 2275 1123 2317 tacerent
1157 2274 1380 2313 oratores
1416 2263 1601 2331 quique
1637 2259 1953 2311 disertissime
1987 2256 2243 2328 hodieque
2273 2257 2500 2328 loquitur
2531 2257 2792 2318 Isocrates,
2831 2274 2911 2308 res

775 2355 879 2421 ipsa
916 2349 1138 2400 doceret.
1194 2350 1388 2418 Estque
1422 2347 1523 2398 hoc
1558 2357 1726 2397 nostra
1761 2356 1918 2395 aetate
1947 2346 2178 2396 omnibus
2203 2343 2341 2414 quod
2365 2346 2515 2394 sciam
2540 2343 2717 2398 harum
2743 2360 2910 2393 rerum

776 2437 1129 2488 scrutatoribus
1171 2435 1458 2505 planissime
1501 2434 1797 2502 expositum.
1879 2429 1977 2481 Sed
2027 2433 2164 2482 iuvat
2201 2430 2557 2499 aliquantisper
2607 2428 2910 2480 Isocrateum

777 2520 1033 2590 speculum
1075 2521 1344 2588 inspicere,
1393 2534 1621 2587 quaeque
1665 2517 1815 2566 facies
1854 2515 2001 2565 fuerit
2033 2515 2413 2566 Atheniensium
2446 2515 2621 2564 turbae
2655 2513 2773 2563 inde
2807 2530 2909 2562 ma-

777 2608 909 2657 xime
946 2620 1255 2674 expromere.
1312 2601 1479 2668 Quem
1515 2603 1738 2673 quamvis
1773 2601 2008 2651 crassiore
2042 2598 2293 2651 interdum
2317 2598 2510 2650 calamo
2539 2597 2770 2668 aequales
2794 2613 2910 2666 per-

778 2692 1032 2743 strinxisse
1075 2687 1309 2750 dixerim,
1352 2706 1455 2740 non
1496 2700 1663 2740 tamen
1706 2703 1735 2738 e
1770 2703 1898 2738 vano
1931 2684 2153 2749 finxisse,
2199 2696 2256 2738 ut
2288 2702 2424 2736 suam
2467 2684 2683 2754 aliquam
2723 2692 2909 2733 temere

778 2787 1026 2847 arreptam
1078 2774 1291 2843 soloque
1333 2775 1530 2842 ingenio
1577 2776 1629 2824 in
1671 2775 1964 2823 immensum
2007 2781 2199 2822 auctam
2239 2770 2616 2822 Atheniensium
2662 2768 2908 2819 felicitatis

777 2864 995 2933 speciem
1039 2870 1457 2930 repraesentaret,
1506 2862 1563 2909 iis
1611 2876 1738 2930 quae
1783 2873 1837 2908 re
1883 2868 2154 2909 evenerunt
2196 2856 2345 2928 plane
2389 2855 2770 2926 comprobatum
2815 2865 2903 2904 est.

778 2949 1012 2999 Veterem
1052 2964 1193 2997 suam
1234 2945 1442 3014 gloriam
1484 2949 1648 3014 prensi
1692 2943 1859 2995 subito
1901 2942 2217 3011 quotidianae
2258 2961 2405 2993 curae
2441 2953 2492 2992 et
2528 2942 2716 2991 externi
2752 2950 2908 2989 metus

780 3035 1079 3102 cogitatione
1105 3032 1377 3102 plerosque
1403 3029 1779 3080 Atheniensium
1807 3027 2122 3088 desiderasse,
2145 3040 2342 3099 praeter
2368 3028 2498 3084 illos,
2525 3043 2737 3095 quorum
2762 3043 2908 3075 manu

780 3119 1092 3170 ducebantur
1125 3129 1366 3178 oratores,
1415 3115 1531 3166 inde
1568 3120 1759 3186 optimo
1804 3125 1893 3165 tuo
1936 3117 2040 3165 iure
2075 3129 2331 3182 augurere,
2380 3110 2517 3180 quod
2562 3110 2624 3161 de
2658 3111 2768 3161 foro
2804 3115 2908 3162 sine

780 3202 979 3256 fastkiio
1005 3220 1166 3272 usque
1191 3204 1430 3271 repetitos
1453 3200 1673 3253 videmus
1703 3202 1944 3251 maiorum
1970 3197 2280 3267 splendores,
2314 3214 2499 3266 eosque
2525 3214 2628 3247 non
2651 3195 2906 3265 indignan-
