3375 4043
1214 651 1778 714 ARGUMENTUM.

1393 807 1595 817 ᾑ-

436 932 689 973 Prooemium
731 963 2402 975 .........................................
2432 950 2520 992 pag.
2538 938 2559 974 1

434 1012 545 1052 PARS
574 1013 604 1052 Ῑ.
634 1018 696 1053 De
724 1020 806 1054 vita
834 1019 1037 1054 Aeschinis
1060 1020 1293 1064 priusquam
1322 1020 1378 1053 ad
1404 1020 1681 1061 rempublicam
1706 1022 1920 1061 gerendam
1948 1022 2147 1054 accederet
2186 1045 2195 1053 .
2227 1045 2236 1054 .
2269 1044 2278 1054 .
2309 1045 2319 1054 .
2335 1029 2424 1071 pag.
2440 1015 2564 1055 4-17

731 1093 769 1149 §.
786 1097 825 1135 1.
862 1096 925 1135 De
954 1094 1178 1149 parentibus
1201 1093 1407 1135 Aeschinis
1437 1122 2397 1133 ........................
2427 1109 2515 1151 pag.
2536 1095 2562 1135 4

730 1172 769 1229 ᾖ.
785 1175 824 1213 2.
861 1174 924 1215 De
954 1174 1202 1243 annog‘natali
1231 1181 1271 1214 et
1298 1173 1465 1228 pueritia
1495 1173 1620 1226 deque
1650 1173 1841 1229 magistris
1875 1173 2041 1214 oratoris
2063 1203 2402 1213 .........
2457 1191 2477 1209 n
2536 1175 2562 1214 5

736 1251 774 1308 §.
789 1254 829 1294 3.
865 1253 1078 1295 Aeschines
1108 1254 1148 1294 in
1177 1266 1292 1295 scena
1320 1282 2403 1293 ...........................
2458 1271 2478 1288 ›-
2537 1253 2563 1292 7

731 1330 770 1388 §.
787 1332 825 1373 4.
855 1331 1080 1376 ,Aeschines
1107 1332 1235 1375 scriba
1273 1362 2405 1373 ............................
2459 1349 2480 1367 n
2539 1332 2563 1372 8

730 1409 2406 1466 §.5.DemilitiaAeschinis.........................2
2460 1411 2564 1451 »10

730 1490 824 1547 §.6.
861 1493 925 1534 De
954 1492 1099 1534 familia
1148 1487 1255 1533 ...Ι
1272 1522 1490 1532 ......
1518 1512 1520 1514 ·
1523 1520 2404 1532 ......................
2459 1491 2562 1531 »12

729 1569 768 1625 §.
784 1569 822 1610 7.
859 1571 923 1611 De
951 1573 1096 1612 virtute
1126 1573 1298 1612 oratoria
1326 1586 1415 1628 pag.
1432 1573 1498 1613 13.
1542 1572 1756 1613 Aeschines
1785 1582 1876 1627 post
1905 1586 2053 1613 causam
2084 1571 2406 1627 Ctesiphontem
2458 1587 2480 1606 ι
2508 1571 2561 1611 15

727 1647 766 1704 §.
784 1650 821 1691 8.
858 1650 921 1692 De
950 1635 1123 1692 moribus
1153 1659 1193 1692 et
1221 1657 1378 1692 externa
1404 1651 1537 1704 specie
1567 1652 1735 1693 oratoris
1766 1680 2400 1691 ................
2455 1668 2475 1685 ιο
2507 1649 2561 1692 17

432 1727 544 1769 PARS
572 1728 622 1769 Π.
659 1732 868 1769 Aeschines
898 1733 1060 1777 publicis
1088 1732 1201 1767 rebus
1226 1731 1402 1778 fungens
1435 1758 1651 1767 ......
1681 1733 1693 1768 ”.
1725 1760 2275 1770 ..............
2305 1728 2557 1783 pag.18-86

730 1806 768 1862 §.
785 1809 823 1849 1.
862 1806 1065 1863 Quaedam
1095 1806 1144 1847 de
1173 1803 1375 1859 republica
1402 1803 1699 1846 Atheniensium
1727 1806 1940 1846 secundm
1968 1806 2181 1847 Isocratem
2184 1836 2401 1845 ......
2411 1808 2559 1862 pag.18

729 1884 768 1942 §.
785 1887 824 1927 2.
861 1886 924 1927 De
954 1885 1187 1927 factionibus
1217 1885 1359 1925 civium
1386 1883 1691 1926 Demostheniea
1720 1893 1844 1926 aetate
1855 1914 2402 1924 ..............
2457 1904 2478 1922 »
2507 1886 2562 1926 20

731 1964 770 2023 §.
786 1967 825 2006 3.
862 1966 925 2006 De
955 1964 1195 2020 principibus
1224 1965 1435 2006 factionum
1464 1965 1586 2004 Midia
1613 1963 1769 2004 Eubulo
1798 1965 2002 2005 Phocione
2030 1965 2320 2005 Demosthene.
2352 1995 2361 2003 .
2394 1995 2403 2004 .
2458 1983 2479 2000 ι»
2508 1966 2562 2005 24

732 2045 771 2100 §.
787 2046 826 2085 4.
862 2047 926 2086 De
954 2045 1149 2085 Aeschine
1177 2042 1453 2085 Demosthenis
1482 2044 1705 2084 adversario
1733 2045 1950 2099 generatim
1978 2074 2403 2084 ...........
2457 2062 2479 2080 ιι
2508 2046 2561 2085 28

731 2123 768 2180 §.
785 2125 823 2166 5.
859 2125 934 2166 De'
959 2124 1074 2166 rebus
1109 2123 1405 2165 Atheniensium
1441 2132 1482 2165 et
1516 2122 1688 2178 Philippi
1725 2133 1813 2165 ante
1849 2123 1996 2166 bellum
2026 2123 2268 2180 Olynthium.
2312 2125 2401 2178 (De

858 2202 1142 2259 Aristophonte
1171 2192 1379 2245 Azeniensi
1407 2211 1491 2244 not.
1508 2203 1621 2257 126.)
1642 2234 1943 2245 ........
1952 2261 1955 2263 -
1977 2235 2403 2245 ...........
2444 2206 2477 2240 ὐ
2507 2206 2562 2246 30

731 2283 768 2340 §.
786 2285 824 2325 6.
860 2285 924 2325 De
954 2285 1000 2324 iis
1030 2298 1127 2337 quae
1156 2284 1244 2339 paci
1262 2269 1532 2325 Philocrateae
1553 2288 1852 2325 antecesserunt.
1895 2284 2109 2325 Aeschines
2129 2285 2403 2341 Megalopolin

858 2364 1007 2421 legatus
1037 2363 1103 2405 Ol.
1129 2364 1223 2405 108.
1248 2365 1272 2404 1
1311 2394 2399 2405 ...........................
2455 2382 2474 2400 n
2504 2366 2558 2407 33

729 2443 768 2500 §.
784 2443 823 2483 7.
860 2444 991 2485 Prima
1019 2444 1067 2484 ad
1095 2443 1318 2500 Philippum
1347 2443 1492 2500 legatio
1521 2438 1600 2501 περὶ
1628 2438 1793 2500 εἷρῆνηῷ
1812 2473 2400 2483 ...............
2456 2462 2476 2479 υ
2505 2445 2559 2486 36

729 2522 766 2581 §.
785 2524 822 2566 8.
861 2522 1087 2566 Conciones
1106 2523 1402 2567 Atheniensium
1431 2524 1479 2566 de
1509 2537 1601 2579 pace
1630 2523 1903 2579 componenda
1929 2499 2041 2567 ἡ
2060 2532 2101 2565 et
2118 2517 2400 2580 m'Elapheh.

860 2603 927 2645 01.
944 2604 1038 2646 108.
1058 2604 1085 2645 2
1106 2633 2400 2644 ................................
2456 2622 2476 2642 υ
2506 2604 2561 2647 39

732 2682 770 2741 §.
787 2684 825 2726 9.
862 2683 926 2726 De
955 2684 1072 2727 sociis
1100 2682 1193 2726 Ath.
1223 2684 1272 2726 ad
1299 2698 1437 2740 pacem
1465 2682 1694 2726 assumendis
1724 2690 1764 2725 et
1793 2683 1841 2725 de
1871 2680 2137 2739 Ccrsoblepte
2183 2715 2400 2725 ......
2456 2703 2476 2721 n
2506 2684 2559 2727 42

703 2763 742 2821 §.
758 2765 823 2806 10.
860 2763 997 2805 Altera
1025 2765 1173 2821 legatio
1202 2758 1284 2822 περὶ
1314 2760 1441 2823 ἕρπων.
1487 2764 1736 2819 Explicantur
1760 2777 1823 2805 res
1851 2762 2114 2806 Phocensium
2145 2782 2476 2804 ........
2507 2766 2559 2807 45

704 2843 742 2900 §.
759 2846 824 2886 11.
860 2845 1016 2901 Legatis
1036 2844 1208 2887 Athenas
1236 2845 1404 2887 reversis
1432 2845 1639 2887 conciones
1668 2842 1861 2887 hahentur
1884 2854 1978 2886 1111.
1998 2854 2075 2886 nv
2093 2843 2264 2899 Sciroph
2266 2864 2474 2885 .....
2504 2846 2558 2886 50

703 2922 741 2980 §.
758 2925 824 2966 12.
862 2924 997 2967 Tertia
1032 2924 1177 2981 legatio
1214 2924 1262 2966 ad
1289 2923 1514 2981 Plu’lippum
1543 2933 1582 2966 et
1607 2921 1929 2980 Amphictyones.
1980 2923 2242 2967 Phocensium
2269 2939 2399 2966 rerum

859 3005 991 3047 exitus.
1036 3004 1313 3047 Demosthenis
1343 3004 1392 3047 de
1421 3018 1517 3060 pace
1546 3003 1670 3046 oratio
1700 3003 1880 3046 01.108.
1899 3005 1926 3046 3
1946 3005 2031 3046 init.
2058 3035 2398 3045 .........
2454 3022 2473 3040 n
2504 3006 2553 3046 51

703 3083 741 3141 §.
758 3086 824 3127 13.
862 3084 925 3127 De
953 3093 1132 3140 tempore
1162 3084 1319 3127 alterius
1347 3083 1588 3140 Philippicae
1618 3083 1820 3126 orationis.
1863 3084 2038 3140 Philippi
2067 3084 2169 3125 intra
2195 3083 2398 3140 Pelopon-

840 3181 994 3208 .nesum
1011 3165 1312 3208 machinationes
1333 3165 1398 3207 Ol.
1415 3166 1508 3207 108.
1525 3165 1563 3206 4.
1593 3164 1673 3218 (De
1697 3162 1947 3224 δεκαδαρχῖᾳ
1974 3175 2016 3208 et
2041 3162 2253 3224 τετραρχίᾳ
2274 3165 2399 3208 Thes-

857 3247 1025 3287 salorum
1054 3255 1136 3287 not.
1154 3245 1268 3297 217.)
1309 3275 2396 3286 ...........................
2453 3264 2473 3282 ³»
2504 3246 2559 3287 54
