3375 4043
0 524 43 575 ἦ,

1442 227 1521 319 35
1566 286 1569 289 ,

414 412 476 447 ex
508 389 710 462 quibus
727 343 814 440 g
847 400 971 459 post
1003 389 1070 440 ali
1163 387 1578 452 revertebantur,
1610 401 1824 459 cumque
1858 387 1975 440 inde
2008 394 2281 458 potentiam
2316 391 2541 445 adversa·

414 484 618 538 riomm,
656 477 945 543 praesertim
978 493 1010 526 o
1058 469 1060 474 ’
1201 463 1738 543 usquibu's'dainfflm
1754 474 2158 547 *imperatoribus
2194 476 2385 546 aliquot
2419 497 2539 530 con·

411 563 619 614 iunctim
648 562 929 629 agentibus,
964 563 1019 610 in
1039 562 1248 610 minante
1281 563 1503 611 crescere
1536 572 1587 612 et
1619 561 1854 613 invidiam
1884 561 2262 612 Atheniensium
2298 564 2350 612 in
2375 563 2561 614 Mace-·

411 649 567 700 dones
596 645 970 715 simultatesque
1003 647 1057 695 in
1093 644 1198 695 dies
1214 687 1216 689 .
1234 647 1401 716 augeri
1434 645 1778 698 intellexisset:
1822 646 1966 708 haec,
2014 659 2238 698 metuens
2265 644 2341 697 'ne
2377 659 2427 697 et
2461 664 2539 697 ex-

408 747 550 786 terna
582 744 633 783 et
658 735 850 783 interna
876 749 974 801 pax
1001 743 1052 783 et
1078 732 1426 802 otium,'³quae
1450 731 1770 805 fundamenta
1796 732 2102 803 reipublicae
2135 733 2369 796 habebat,
2405 751 2539 784 ever-

408 819 648 879 terentur,
696 816 806 868 non
843 815 1047 868 sinenda
1090 817 1185 868 sibi
1227 828 1358 870 ratus
1399 836 1504 870 uno
1540 835 1644 888 quo
1677 829 1875 889 poterat
1910 817 2065 871 modo
2104 819 2423 871 obnitebatur
2458 835 2537 882 eo,

408 916 465 955 ut
497 901 801 976 Principem.
827 898 1026 954 illarum
1055 904 1300 976 'partium'
1324 903 1744 967 Demosthenem,
1775 905 1875 956 ‘cui
1911 902 2129 956 summos
2174 900 2393 955 honores
2435 917 2541 955 tum

411 989 741 1060 Ctesiphonte
782 992 988 1060 rogante
1022 990 1352 1057 Athenienses
1380 985 1556 1042 daturi
1597 1004 1752 1054 erant,
1801 991 1930 1043 hanc
1964 994 2271 1062 rogationem
2309 1010 2541 1042 accusans

407 1086 464 1126 ut
494 1084 667 1126 contra
700 1075 833 1145 leges
865 1075 1035 1139 latam,
1058 1055 1236 1147 'psum
1259 1075 1651 1126 Demosthenem
1685 1078 1895 1146 pessime
1930 1075 1992 1127 de
2026 1077 2281 1147 republica
2311 1079 2541 1127 meritum

409 1162 671 1228 omnisque
702 1159 968 1211 infortunii
1000 1159 1252 1211 auctorem
1281 1171 1595 1223 monstraret,
1636 1177 1738 1229 quo
1767 1176 1794 1210 e
1916 1162 1955 1211 si
1987 1172 2157 1230 posset
2190 1178 2392 1230 prorsus
2427 1179 2538 1231 per·

408 1243 565 1297 deret.
629 1244 706 1294 Ex
748 1245 1027 1297 civitatibus
1063 1243 1302 1296 Graeciae
1344 1243 1567 1314 undique
1610 1256 1714 1296 erat
1749 1244 1810 1295 ad
1884 1262 1945 1296 oc
1980 1245 2215 1297 iudicium
2252 1263 2535 1298 concursus.

412 1328 593 1394 „Quid
628 1332 763 1381 enim
798 1341 883 1381 aut
915 1341 1016 1381 tam
1045 1328 1309 1382 'visendum
1345 1340 1428 1382 aut
1452 1328 1752 1382 audiendum
1775 1330 1887 1393 suit,
1929 1349 2076 1401 quam
2100 1350 2404 1383 summorum
2430 1350 2538 1384 ora-

406 1415 574 1467 torum
608 1411 670 1466 in*
697 1407 975 1486 gravissima
1010 1418 1153 1466 causa
1188 1409 1413 1466 accurata
1449 1428 1499 1467 et
1521 1412 1785 1485 inimicitiis
1808 1407 2005 1487 incensa
2028 1417 2354 1469 contentio?”
2378 1417 2539 1483 (Cice-

406 1504 543 1552 ronis
576 1502 728 1552 verba
764 1512 879 1551 sunt
914 1498 978 1551 de
1013 1511 1117 1572 opt.
1143 1518 1251 1572 gen.
1278 1503 1382 1570 οη).
1432 1499 1563 1551 Sane
1597 1501 1863 1550 inimicitiis
1897 1489 2094 1551 incensa
2125 1494 2406 1552 contentio:
2445 1505 2541 1553 vita

406 1586 608 1657 publica
630 1589 889 1657 utriusque
911 1578 1174 1657 agebatur3
1211 1586 1327 1638 ideo
1350 1589 1607 1656 utriusque
1631 1588 1683 1637 in
1709 1587 2013 1638 orationibus
2038 1589 2311 1656 gannientis
2338 1562 2540 1638 men'da·

409 1674 481 1722 cia
517 1670 916 1734 insolentissima,
957 1671 1286 1722 contumeliae
1321 1672 1588 1723 verborum
1622 1673 1675 1722 in
1710 1671 1919 1722 alterum
1954 1673 2016 1721 ab
2054 1672 2211 1722 altero
2241 1673 2534 1734 cumulatae,

408 1773 618 1826 quarum
657 1767 852 1806 nosmet
893 1760 1072 1806 nostris
1115 1749 1435 1828 temporibus,
1464 1756 1629 1807 taedet
1669 1746 1972 1829 nomineque
2008 1775 2245 1808 canorum
2282 1769 2536 1808 oratorum

407 1842 582 1911 pudet.
631 1842 822 1892 Tamen
856 1844 930 1890 uti
964 1842 1056 1890 hac
1092 1859 1235 1890 causa
1269 1853 1419 1907 atque
1455 1846 1660 1909 omnino
1696 1846 1889 1893 ratione
1922 1842 2184 1908 loquendi,
2222 1846 2290 1891 ita
2316 1843 2394 1891 his
2418 1848 2537 1891 con-

404 1930 541 1978 viciis
574 1927 822 1977 Aeschine
858 1928 1088 1994 superior
1123 1923 1310 1984 exstitit
1338 1923 1724 1975 Demosthenes.

595 2011 829 2079 Longum
865 2020 939 2061 est
972 2025 1138 2078 neque
1174 2008 1235 2059 ad
1272 2018 1438 2058 nostra
1474 2025 1607 2059 nunc
1641 2011 1893 2078 pertinens
1929 2012 2188 2077 exquirere
2211 2021 2261 2060 et
2283 2015 2536 2080 persequi,

406 2114 504 2166 qua
538 2094 815 2147 admirabili
850 2106 999 2165 atque
1035 2094 1390 2164 elegantissima
1425 2095 1618 2145 ratione
1645 2092 2010 2145 Demosthenes
2046 2111 2137 2163 per
2171 2105 2326 2146 totam
2356 2098 2537 2147 oratio-

405 2199 520 2233 nem
555 2199 615 2233 ex
638 2200 723 2233 sua
749 2184 1071 2250 omniumque
1095 2180 1490 2243 Atheniensium,
1530 2181 1669 2231 cuius
1693 2198 1838 2250 saepe
1863 2183 2170 2231 mentionem
2192 2180 2326 2244 facit,
2367 2200 2537 2252 quam-

405 2284 504 2335 que
541 2284 593 2317 se
628 2277 829 2316 auctore
864 2277 984 2316 tunc
1018 2282 1215 2335 semper
1250 2282 1335 2316 eos
1371 2276 1567 2316 secutos
1599 2281 1704 2315 esse
1730 2264 1999 2335 praedicat,
2040 2266 2195 2334 gloria
2221 2283 2248 2316 a
2273 2269 2541 2318 maioribus

406 2365 605 2427 accepta
640 2371 718 2424 res
755 2363 909 2420 gestas
945 2351 1158 2420 explicet
1182 2352 1316 2418 (2⁹⁸),
1357 2346 1903 2431 adversarium'acerbis
1928 2350 2114 2402 facetiis
2140 2349 2347 2426 irridens
2372 2350 2537 2402 dictis-

405 2456 504 2505 que
555 2435 870 2488 mordacibus
918 2456 1141 2506 pungens
1191 2439 1244 2486 in
1292 2435 1574 2506 periculum
1619 2438 1864 2506 proiiciat.
1904 2435 2356 2506 *Unumquemque
2400 2439 2535 2488 iuva-

404 2524 479 2572 bit
514 2541 570 2572 ac
605 2523 749 2573 valde
785 2522 1051 2572 delectabit
1085 2526 1215 2572 inter
1248 2521 1514 2592 legendum
1547 2522 1646 2572 hoc
1681 2534 1942 2592 spectasse.
2011 2522 2180 2592 Ipsum
2216 2521 2533 2583 Aeschinem,

404 2734 545 2777 Aesch.
562 2737 603 2777 in
618 2734 726 2777 Ctes.
743 2752 782 2790 p.
793 2736 846 2777 89
857 2745 952 2777 extr.
969 2737 1067 2778 sere.
1098 2737 1220 2779 schol.
1239 2737 1357 2778 Bekk.
1377 2753 1416 2792 p.
1426 2736 1523 2790 269.
1551 2736 1675 2787 Alios,
1697 2736 1763 2790 qui
1782 2734 1945 2777 Athenis
1967 2736 2236 2788 decessissent,
2257 2736 2304 2777 ab
2324 2735 2535 2792 Areopago

407 2801 603 2846 damnatos
632 2803 723 2845 'vide
742 2803 840 2858 Lyc.
861 2804 902 2844 in
927 2804 1074 2846 Leocr.
1094 2805 1162 2846 13.
1192 2804 1243 2846 cf.
1272 2805 1436 2847 alterum
1464 2804 1520 2847 d
1542 2812 1637 2847 orat.
1667 2804 1716 2845 de
1747 2819 1829 2845 cor.
1859 2818 2007 2861 argum.
2029 2827 2084 2836 —
2111 2799 2177 2845 καὶ
2204 2802 2308 2845 κατὰ
2336 2808 2407 2844 τῶν
2435 2800 2535 2861 βαρ·

405 2863 538 2927 Βᾶρων
567 2866 816 2929 ἐστράτευσεν
846 2870 1124 2925 (Alexander)·
1162 2873 1194 2913 οἶ
1223 2866 1265 2913 δὲ
1290 2871 1492 2922 Ἀθηναῖοι
1528 2869 1651 2929 καιρόν
1686 2866 1796 2926 ἔχειν
1830 2866 2005 2918 ἐνόμισαν
2039 2869 2158 2931 κρίσει
2187 2869 2419 2930 παραδοῦναι
2448 2868 2535 2913 τούς

406 2931 591 2993 προδότας
618 2937 707 2982 τούς
733 2936 799 2988 τὴν
825 2934 1001 2979 Ἑλλάδα
1028 2932 1312 2988 ἀδικήσαντας,
1339 2935 1405 2981 καὶ
1433 2936 1529 2982 οὕτω
1560 2934 1818 2998 πνεκροτῆθη
1847 2937 1888 2980 τό
1920 2936 2170 3000 δικαττῆριον.

462 3018 554 3075 (²⁹⁸)
598 3031 641 3064 ut
669 3038 708 3080 p.
724 3021 806 3065 247
823 3050 841 3056 -
856 3021 950 3064 249.
982 3022 1053 3064 cfr.
1081 3038 1120 3077 p.
1136 3021 1231 3064 258.
1253 3022 1349 3064 284.
1373 3024 1456 3066 288
1479 3025 1542 3065 fin.
1572 3039 1610 3079 p.
1626 3023 1707 3064 295
1731 3031 1772 3064 et
1792 3023 1894 3065 296:
1931 3024 2186 3067 Athenienses
2216 3023 2340 3081 eg'sse
2369 3022 2533 3077 perinde

406 3096 520 3142 atque
550 3090 592 3130 in
620 3090 734 3134 bellis
754 3092 939 3140 Persicis;
969 3105 1009 3132 se
1040 3091 1079 3131 id
1109 3092 1269 3140 iuvisse;
1299 3105 1397 3148 ergo
1428 3101 1469 3134 et
1497 3094 1618 3148 ipsum
1644 3101 1684 3133 et
1702 3094 1890 3147 populum
1910 3093 1957 3133 ab
1979 3094 2169 3134 Aeschine
2190 3092 2371 3131 accusari.
2403 3091 2532 3146 p.302

405 3170 444 3196 se
473 3156 559 3210 plus
589 3159 715 3215 egisse
746 3175 860 3214 quam
888 3159 1170 3214 Thrasybulum
1207 3157 1471 3199 Callistratum
1506 3160 1829 3215 Aristophontem
1865 3159 2092 3215 Cephalum.
2130 3175 2168 3213 p.
2185 3160 2279 3198 310.
2311 3174 2348 3212 p.
2365 3159 2446 3197 325
2467 3158 2531 3197 fin.

410 3232 482 3266 cet.
508 3232 582 3266 cet.

2099 3299 2155 3347 M
