3375 4043
1833 190 1911 252 50

792 322 1045 372 habebant
1071 322 1223 372 rebus
1250 321 1571 391 consiliisque
1595 318 1841 390 Philippi,
1874 324 1962 391 qui
1989 322 2138 392 plane
2164 319 2524 392 praedicerent,
2562 321 2933 393 expeditionem

791 406 918 477 regis
953 405 1051 459 sibi
1087 405 1430 461 emolumento
1465 404 1680 459 futuram
1716 403 1822 458 esse
1859 405 2065 473 (Aeseh.
2096 406 2134 460 l.
2152 406 2236 474 1.).

1783 560 1839 628 5.
1863 563 1944 612 11.

985 666 1162 734 ltaque
1202 662 1468 735 Philippus
1515 659 1718 713 foedere
1767 662 1869 712 icto
1885 699 1899 725 ,
1948 673 2007 713 ut
2054 661 2259 714 eosdem
2306 664 2516 718 haberet
2557 663 2724 716 hostes
2740 705 2747 708 .,
2769 681 2934 735 popu.

794 752 873 802 lus
906 751 1304 811 Atheniensium,
1347 759 1705 799 sacramentum
1743 749 1796 796 in
1831 764 2006 796 manus
2038 746 2318 816 legatorum
2353 749 2513 813 dedit,
2551 768 2653 802 non
2688 752 2819 801 urbe
2847 768 2936 801 sua

797 836 995 905 capitali
1019 834 1209 896 Pellae,
1247 832 1334 884 sed
1368 848 1481 883 cum
1507 834 1605 882 iam
1634 834 1852 883 exercitu
1878 834 1931 882 in
1957 830 2266 884 Thessaliam
2290 832 2595 898 advenisset,
2624 834 2815 898 Pheris,
2856 852 2935 887 eas

794 922 860 969 ob
895 935 1063 967 causas
1099 934 1221 984 quas
1255 915 1411 967 modo
1447 915 1566 966 dixi.
1598 955 1600 958 f
1633 915 1862 984 Regressi
1896 927 2012 967 sunt
2044 916 2197 985 legati
2225 915 2449 967 Athenas
2488 920 2550 967 13
2579 918 2934 989 Scirophorio·

788 1006 864 1051 nis
883 1004 1007 1068 (¹⁹³)
1030 1005 1139 1066 (11.
1161 1000 1213 1050 d.
1234 1002 1409 1067 Iunii).
1447 1001 1834 1064 Demosthenes,
1873 1004 1999 1052 sicut
2030 1000 2131 1052 hoc
2165 1018 2296 1052 anno
2328 1012 2434 1052 erat
2460 1012 2678 1063 senator,
2718 1006 2774 1053 in
2801 1008 2936 1056 curia

790 1086 852 1138 ad
894 1098 1119 1138 senatum
1160 1087 1222 1137 14
1255 1098 1339 1138 aut
1374 1086 1437 1138 15
1471 1085 1766 1155 Scirophor.
1804 1085 1871 1139 de
1912 1086 2160 1155 legatione
2202 1085 2423 1137 referens
2464 1080 2642 1149 suasit«,
2690 1096 2747 1137 ut
2781 1089 2934 1140 rebus

790 1189 918 1242 quae
953 1184 1117 1223 essent
1151 1171 1368 1223 relicuae
1403 1170 1743 1242 providerent,
1781 1190 1846 1223 ne
1880 1172 2136 1242 promissis
2170 1169 2336 1223 allecti
2364 1172 2419 1223 in
2445 1169 2711 1224 discrimen
2737 1189 2817 1225 res
2845 1170 2934 1224 da·

790 1269 918 1310 rent.
970 1257 1210 1325 Probavjt
1243 1268 1457 1311 senatus.
1502 1257 1709 1310 Deinde
1745 1260 1807 1310 16
1837 1257 2071 1330 Sciroph.
2104 1261 2284 1310 concio
2313 1258 2543 1310 hahetur.
2596 1258 2743 1311 Tunc
2771 1259 2934 1311 Ther-

794 1344 1024 1416 mopylae
1065 1347 1164 1394 iam
1205 1347 1257 1395 in
1291 1355 1538 1415 potestate
1572 1343 1821 1416 Philippi·
1833 1356 1992 1395 erant.
2057 1344 2386 1395 Athenienses
2418 1347 2583 1415 primo
2619 1344 2824 1415 quidem
2857 1348 2933 1395 in·

795 1429 1001 1498 dignati,
1042 1428 1180 1498 quod
1216 1446 1304 1481 rex
1338 1429 1466 1481 adeo
1501 1432 1968 1500 appropinquasset,
2008 1446 2126 1480 mox
2157 1440 2323 1481 tamen
2348 1432 2603 1499 promissis
2629 1433 2757 1499 regis
2785 1441 2933 1499 atque

793 1515 1244 1583 exspectationibus
1282 1532 1403 1582 quas
1437 1513 1708 1565 Aeschines
1741 1515 2080 1582 pronuntiavit
2114 1512 2322 1572 auditis,
2349 1527 2531 1578 magno
2556 1510 2745 1578 gaudio
2777 1516 2930 1563 maxi-

791 1615 972 1665 maque
1004 1614 1094 1665 spe
1129 1599 1283 1646 erecti
1316 1596 1737 1657 Demosthenem,
1785 1612 1937 1663 quem
1973 1596 2115 1644 anxie
2150 1603 2439 1644 monentem
2474 1611 2588 1643 cum
2619 1592 2931 1647 Philocrates

787 1682 887 1733 sale
920 1684 1063 1751 nigro
1099 1680 1411 1732 cavillaretur
1439 1683 1580 1747 (¹⁹⁴),
1619 1679 1914 1731 deriserunt.
1962 1680 2119 1730 Erant
2141 1695 2263 1731 vero
2291 1694 2420 1748 quae
2450 1689 2508 1729 ut
2536 1678 2798 1731 laetissima
2828 1682 2929 1732 Ae-

789 1768 982 1817 schines
1018 1784 1070 1816 se
1107 1778 1390 1834 exspectare
1424 1769 1477 1814 in
1511 1768 1755 1814 concione
1789 1765 2044 1832 professus
2080 1775 2155 1812 est
2184 1763 2290 1815 fere
2315 1763 2464 1813 haec:
2489 1762 2793 1834 Philippum
2820 1766 2928 1816 bel·

790 1852 898 1901 lum
923 1849 1199 1900 Phocicum
1229 1848 1485 1899 finiturum
1514 1866 1618 1899 esse
1645 1846 1968 1898 incommodo
1996 1846 2372 1909 Thebanorum,
2413 1845 2656 1918 Thespias
2681 1849 2928 1901 Plataeas-

796 1953 893 2005 que
927 1936 990 1984 ab
1025 1934 1101 1984 his
1138 1933 1323 1983 dirutas
1365 1942 1754 1995 exstructurum3
1806 1929 2021 1980 eundem
2069 1931 2177 1980 aliis
2222 1933 2372 1981 rebus
2418 1933 2615 2001 populo
2660 1934 2928 1986 Athenien-

790 2024 914 2072 sium
947 2017 1249 2070 benevolum
1284 2033 1336 2067 se
1372 2016 1730 2086 praebiturum.
1788 2014 2018 2066 Tradidit
2046 2032 2203 2085 porro
2230 2016 2337 2079 illa,
2377 2034 2507 2086 quae
2533 2017 2765 2071 adversus
2790 2020 2926 2072 The-

788 2109 1034 2157 banorum
1067 2103 1256 2173 legatos
1285 2100 1457 2153 Pellae
1491 2100 1787 2171 disputasset
1814 2102 1957 2169 (¹⁹⁵),
1998 2118 2226 2172 quaeque
2254 2100 2559 2154 Cleochares
2587 2102 2926 2157 Chalcidensis

787 2193 1057 2251 timuisset3
1102 2189 1219 2239 talia
1253 2187 1403 2248 dixit,
1450 2204 1577 2256 quae
1617 2185 1821 2254 quidem
1861 2187 2138 2254 perfectum
2177 2188 2239 2237 iri
2274 2203 2334 2237 ex
2368 2186 2617 2256 legatione
2649 2188 2925 2259 habituque

789 2275 1016 2345 Philippi
1051 2276 1191 2324 bono
1227 2276 1392 2323 animo
1427 2272 1629 2342 publice
1664 2274 1986 2342 pronuntiare
2021 2265 2224 2342 poterat
2244 2271 2534 2325 Aeschines.
2589 2273 2790 2325 Deinde
2819 2278 2926 2345 epi-

788 2361 931 2424 stola,
983 2378 1132 2430 quam
1175 2359 1442 2430 Philippus
1483 2359 1653 2428 legatis
1699 2356 1920 2419 dederat,
1965 2361 2017 2408 in
2059 2359 2264 2409 ecclesia
2305 2358 2509 2428 publice
2548 2358 2823 2429 legebatur,
2871 2364 2926 2413 in

790 2464 885 2515 qua
931 2449 1125 2515 scripsit
1170 2461 1258 2496 rex
1271 2482 1284 2506 ‚
1344 2460 1452 2494 sese
1504 2454 1863 2494 sacramentum
1909 2446 1960 2493 in
2007 2461 2190 2494 manns⁴
2227 2440 2503 2513 legatorum
2547 2444 2925 2497 Atheniensium

846 2583 941 2638 (¹⁹³)
983 2585 1091 2628 Haec
1129 2592 1170 2627 et
1203 2585 1408 2640 sequentia
1444 2583 1607 2640 colligas
1643 2596 1691 2624 ex
1728 2581 1967 2624 orationibus
2003 2583 2051 2625 de
2087 2582 2160 2624 hac
2196 2582 2393 2640 legatione
2426 2582 2590 2635 habitis,
2637 2585 2753 2626 Dem.
2784 2600 2823 2640 p.
2838 2585 2921 2627 346

789 2666 874 2707 sqq.
904 2651 986 2692 375
1007 2652 1060 2692 ιιι.
1089 2651 1170 2692 409
1190 2652 1292 2693 med.
1330 2651 1473 2693 Aesch.
1503 2649 1605 2706 p.73
1625 2664 1712 2704 sqq.
1743 2649 1793 2689 cf.
1823 2648 1938 2689 Dem.
1969 2650 2018 2691 de
2047 2664 2131 2691 cor.
2160 2649 2293 2705 p.237
2311 2665 2369 2705 sq.

844 2728 942 2784 (¹⁹⁴)
984 2730 1101 2770 nem.
1132 2745 1173 2768 π.
1202 2744 1368 2789 meane.
1397 2729 1527 2786 pass
1547 2729 1651 2770 med.
1681 2727 1764 2769 355
1784 2727 1850 2766 fin.
1879 2728 1920 2766 11
1945 2728 2046 2768 Pha.
2077 2727 2181 2784 pars
2201 2727 2254 2767 ιιι.

843 2807 939 2864 (¹⁹⁶)
982 2809 1100 2850 Dem.
1130 2808 1171 2848 ll.
1189 2822 1260 2857 cc.;
1290 2809 1339 2849 de
1367 2822 1462 2862 pace
1491 2809 1606 2863 p.59.
1636 2809 1677 2848 11
1704 2807 1807 2848 Phil.
1837 2805 1952 2861 p.73.
2010 2807 2123 2859 Quae
2150 2808 2437 2851 Demosthenes
2464 2809 2652 2851 Aeschini
2681 2810 2918 2865 ignominiae

784 2878 906 2920 vertit
940 2893 982 2917 π.
1012 2892 1183 2935 παραπρ.
1219 2875 1437 2933 p.364.18;
1455 2876 1548 2925 380,
1567 2876 1739 2925 347.25;
1759 2875 1854 2916 351.
1906 2875 2007 2916 Vide
2035 2884 2164 2918 tamen
2192 2877 2418 2918 Weiskium
2447 2877 2499 2917 Π.
2530 2876 2645 2932 p.23:
2675 2876 2778 2927 „Sic
2807 2876 2916 2918 The-

785 2947 976 2994 banorum
1014 2944 1180 2985 decreto
1217 2944 1432 2998 praemium
1467 2944 1669 2985 Aeschinis
1706 2942 1880 2984 occisori
1913 2943 2158 2998 propositum
2195 2957 2279 2985 esse
2315 2944 2480 2986 iactatur
2516 2943 2564 2983 ah
2593 2944 2681 2997 ipso
2709 2941 2916 2997 Aeschine,

784 3021 884 3055 teste
912 3011 1196 3054 Demosthene.
1228 3011 1338 3063 Quid
1367 3010 1509 3066 igitur?
1536 3026 1583 3052 an
1611 3010 1830 3067 putabimus
1859 3008 2060 3053 Aeschinis
2088 3025 2234 3053 nomen
2262 3012 2303 3052 in
2332 3011 2403 3053 illo
2434 3011 2597 3052 decreto
2621 3008 2764 3052 fnisse?
2788 3009 2917 3054 inuno

785 3083 933 3130 inerat,
969 3079 1003 3119 si
1030 3080 1124 3133 quid
1152 3079 1294 3130 video,
1324 3079 1599 3121 condemnatio
1626 3087 1778 3120 tantum
1807 3091 1964 3129 eornm,
1998 3078 2065 3133 qui
2094 3078 2320 3120 Phocenses
2347 3078 2559 3133 sacrilegos
2588 3076 2779 3128 iuvarent3
2817 3079 2914 3120 illud

783 3156 912 3188 antem
942 3146 1019 3188 hoc
1048 3148 1216 3188 consilio
1246 3145 1540 3200 praedicabatur
1566 3147 1614 3188 ah
1642 3145 1862 3195 Aeschine,
1896 3153 1939 3186 ut
1966 3161 2041 3200 pro
2071 3146 2118 3186 iis
2146 3144 2248 3200 apud
2276 3144 2534 3186 Macedonem
2563 3144 2823 3189 intercessisse
2854 3147 2913 3188 vi-

787 3213 987 3257 deretur.''
