3375 4043
744 330 848 397 qui,
887 343 1002 377 cum
1037 323 1795 397 Cersoblepteslchersonesum
1824 324 2116 378 Thracicam
2137 324 2534 378 Atheniensibus
2546 330 2880 399 permitteret,

740 411 1126 463 Atheniensium
1161 429 1268 479 esse
1301 413 1618 482 pertinaciter
1651 409 1920 462 noluerant
1953 410 2329 474 contendentes,
2368 418 2484 479 'non
2515 416 2766 481 pertinere
2787 431 2883 465 ¹ur-

738 500 859 547 bem
893 516 1033 548 suam
1061 497 1123 547 ad
1144 496 1528 555 Chersonesum,
1554 495 1744 562 quique
1770 497 1868 545 iam
1897 505 2051 547 antee.
2067 493 2269 550 fixerant·
2289 497 2461 549 sociati
2474 494 2880 567 Philippaossfi),

741 587 900 654 pactis
946 584 1180 652 adscripti
1224 594 1284 632 et.
1317 593 1453 633 extra
1488 577 1865 631 Chersonesitas
1899 588 2103 649 cetoros
2132 580 2383 635 declarati.
2407 582 2551 650 (1⁸⁷),
2599 578 2883 635 Chersone·

744 689 827 721 sus
859 669 1239 720 Atheniensium
1273 668 1520 718 manebat.
1550 664 1670 731 (188)
1722 663 1843 715 Νοιι
1887 666 1995 716 sub·
2017 665 2138 717 aliis.
2171 666 2543 731 conditionibus
2576 685 2689 738 pax·
2712 667 2884 739 legatis

742 756 1130 807 Atheniensibus
1167 754 1422 823 impetrari
1454 751 1637 822 potuit.
1695 749 1822 800 lussi
1851 752 1987 800 enim
2002 751 2445 820 vqmsutiliareoee
2469 760 2675 825 possent
2700 753 2880 816 fecere,

742 852 923 891 statum
958 838 1262 906 reipublicae
1297 846 1632 904 magnumque
1666 837 1849 885 civium
1882 836 2018 903 pacis
2046 833 2272 886 studium
2298 854 2405 888 non
2430 839 2732 908 ignorantes,
2744 875 2749 888 ,-
2769 857 2883 890 cum

740 923 1003 990 Philippus
1046 924 1100 971 in
1146 920 1246 971 illis
1289 918 1662 986 conditionibus
1706 929 2063 989 perseveraret,
2108 921 2204 990 ipsi
2245 927 2421 990 pacem
2454 923 2552 973 sihi
2574 940 2694 975 -non
2726 926 2883 995 impe-

739 1005 969 1057 diendam
1007 1024 1112 1058 esse
1141 1006 1372 1058 arbitrati
1407 1008 1462 1057 iu
1498 1003 1576 1057 his
1608 1005 1950 1058 substiterunt.
2006 1002 2187 1077 Neque
2222 1003 2412 1057 alienae
2442 1004 2538 1067 hae
2569 1005 2884 1061 conditiones

738 1105 888 1161 atque
925 1094 1211 1161 inopinatae
1246 1089 1406 1142 videri
1441 1101 1547 1141 tum
1582 1101 1834 1160 poterant.
1889 1090 2121 1161 Namque
2157 1090 2360 1161 exlege
2395 1090 2480 1142 illa
2515 1094 2670 1161 pacis,
2708 1103 2768 1144 ut
2794 1091 2883 1144 ha-

736 1180 882 1228 beret
916 1176 1184 1246 Philippus
1221 1194 1350 1247 quae
1382 1187 1594 1238 teneret,
1633 1174 1955 1245 Amphipolis
1990 1176 2218 1242 (tenebat
2250 1174 2380 1227 hano
2413 1176 2600 1227 urbem.
2616 1174 2881 1247 Philippus

737 1262 854 1313 inde
892 1264 954 1312 ab
990 1280 1036 1312 a.
1058 1262 1178 1312 358.
1217 1259 1306 1312 Ol'.
1326 1262 1443 1311 105.
1466 1261 1518 1311 3.
1556 1258 1661 1311 vid.
1680 1258 1839 1311 Diod.
1860 1259 2001 1312 XVI.
2019 1261 2107 1327 8.)
2127 1260 2343 1332 publicis
2370 1263 2498 1312 actis
2509 1263 2620 1330 regi
2648 1276 2881 1332 concessa

743 1359 845 1410 estc,
893 1364 1194 1415 quamquam
1227 1346 1503 1396 Philocrati
1544 1345 1595 1393 id
1637 1348 1825 1414 ipsum
1837 1345 2094 1395 decretum
2120 1357 2329 1414 postea
2327 1347 2659 1397 vehementer
2693 1350 2885 1397 crimini

743 1433 932 1496 datum,
963 1434 1195 1482 nimirum
1221 1449 1336 1481 cum
1359 1448 1458 1501 pax
1480 1432 1762 1501 turpissima
1783 1429 2089 1483 haberetur.
2120 1428 2284 1482 Porro
2308 1428 2497 1482 foedus
2492 1432 2751 1483 sancitum
2777 1443 2877 1494 est;

740 1536 855 1570 nam
893 1519 1323 1587 exoptatissimum.
1348 1515 1462 1565 hoc.
1483 1515 1643 1565 fuerat
1676 1514 1796 1565 inde
1829 1516 1892 1563 ab
1915 1517 2070 1564 vinitio
2099 1521 2238 1564 cum.
2254 1514 2475 1581 depwe
2506 1516 2744 1581 agebatur
2773 1526 2880 1565 tum

740 1602 981 1670 Philippo
1034 1611 1140 1650 tum
1190 1600 1605 1660 Atheniensibus,
1667 1597 1947 1667 foedusque
1999 1595 2283 1653 ineundum
2322 1599 2376 1647 in
2429 1596 2611 1648 altera
2630 1602 2879 1649 concione

737 1697 900 1738 actum
937 1694 1058 1736 erat.
1121 1682 1272 1735 Unde
1306 1682 1417 1734 fieri
1446 1681 1687 1781 debebat,
1725 1693 1782 1732 ut
1817 1680 2034 1733 eosdem
2045 1663 2225 1743 hostes
2259 1681 2503 1732 haberent
2535 1692 2606 1732 et
2616 1682 2879 1754 Philippus

740 1784 790 1822 et
823 1769 1171 1822 Athenienses.
2052 1792 2055 1796 ·

931 1854 1204 1923 Imprimis
1227 1851 1301 1903 de
1324 1816 1668 1904 Phocensibus
1708 1850 1948 1921 posthac
1965 1799 2199 1921 querelae
2235 1853 2525 1904 exstiterunt
2566 1853 2768 1924 legatis.-
2810 1855 2879 1906 At

744 1941 864 2013 quid
908 1953 1015 1991 tum
1057 1935 1338 1989 faciendum
1382 1945 1486 1988 erat
1520 1930 1943 2003 Atheniensibus?
2004 1934 2105 1987 Res
2135 1934 2473 1989 Phocensium
2515 1937 2694 2009 lapsae,
2720 1951 2876 1993 erant.

742 2029 880 2097 Opes
904 2024 1079 2094 templi
1096 2021 1335 2092 Delphici
1363 2020 1708 2090 dispar-nerant
1733 2022 2049 2090 mercenariis
2073 2039 2255 2091 magno
2279 2025 2453 2093 pretio
2470 2023 2757 2087 conducti&
2786 2044 2879 2095 per

740 2114 910 2163 decem
936 2127 1093 2160 annos
1115 2108 1308 2158 bellum
1325 2108 1590 2169 saevierat3
1620 2106 1859 2158 factiones
1876 2117 1927 2158 et
1945 2104 2214 2159 seditiones
2232 2109 2553 2177 emergebant
2568 2111 2717 2176 (¹⁸⁹):
2751 2109 2878 2162 desi-

739 2199 981 2249 derabant
1017 2196 1174 2245 otium
1209 2210 1266 2243 ac
1302 2194 1537 2262 quietem.
1586 2190 1789 2243 Circum
1816 2190 2168 2243 Themistoclis
2193 2191 2465 2243 Archontis
2491 2210 2676 2245 annum
2702 2198 2878 2246 ineun-

738 2297 840 2334 tem
870 2281 980 2347 (Ol.
1005 2282 1119 2330 108.
1141 2281 1213 2341 2),
1243 2281 1345 2329 sive
1372 2277 1534 2328 media
1565 2288 1749 2328 aestate
1778 2294 1823 2328 a.
1840 2279 1955 2338 347,
1981 2278 2131 2347 legati
2155 2277 2491 2335 Phocensium
2507 2278 2731 2345 Athenas
2759 2300 2878 2350 pro-

737 2370 852 2419 fecti
899 2366 1083 2416 auxilio
1127 2363 1376 2434 populum
1421 2374 1663 2413 vocarunt
1706 2361 1936 2432 polliciti,
1985 2362 2241 2433 Alponum
2285 2374 2335 2414 et
2375 2363 2659 2415 Thronium
2701 2377 2753 2416 et
2789 2366 2879 2417 Ni·

738 2470 922 2514 caeam,
970 2468 1099 2522 quae
1136 2447 1326 2521 oppida
1361 2447 1551 2499 aditum·
1583 2447 1820 2519 Pylarum
1853 2449 2164 2509 tuebanturs
2184 2450 2243 2499 iis
2276 2448 2513 2500 traditum
2547 2452 2626 2501 iri.
2690 2450 2877 2503 Proxe-

739 2556 851 2600 nus,
891 2538 1267 2588 Atheniensium
1302 2534 1422 2597 dux,
1462 2526 1576 2585 cum
1612 2552 1640 2603 a
1675 2528 1870 2604 populo
1903 2528 2185 2585 iussus'illa
2220 2527 2471 2605 occupare*
2500 2536 2631 2587 hanc
2667 2538 2735 2587 ob
2770 2554 2876 2587 rem

740 2624 1057 2677 Callicratem
1099 2634 1149 2673 et
1179 2623 1493 2693 Metagenem
1536 2621 1725 2692 legatos
1768 2611 1992 2684 misisset,
2043 2622 2149 2692 qui·
2174 2618 2237 2671 de
2272 2620 2523 2674 tradendis
2564 2621 2641 2673 his
2679 2621 2878 2692 oppidis

739 2731 856 2763 cum
890 2710 1232 2761 Phocensibus
1267 2720 1490 2779 agerent:
1530 2707 1602 2771 hi,
1641 2707 1829 2777 legatis,
1849 2709 1946 2758 suis
1982 2710 2069 2778 qui
2105 2707 2229 2772 haec
2261 2711 2593 2780 promiserant
2626 2711 2678 2761 in
2712 2726 2874 2761 carce-

736 2815 846 2850 rem
880 2795 1061 2867 ductis,
1108 2811 1213 2845 non
1245 2796 1397 2863 magis
1432 2793 1618 2864 oppida
1653 2790 1981 2856 tradiderunt,
2003 2816 2006 2827 ·
2029 2810 2178 2863 quam
2211 2796 2347 2864 ipsos
2381 2794 2748 2856 caduceatores,
2770 2798 2874 2865 ¹qui

1025 2999 1128 3040 Phil.
1209 2998 1303 3039 161.

833 2998 918 3131 ⁸⁷}-
931 3015 1118 3119 l)pem.·1r.
1147 3013 1319 3136 Σαραπρ.
1349 3078 1490 3134 p.396.
1521 3081 1604 3122 init.
1635 3081 1687 3122 de
1716 3092 1815 3134 pace
1842 3079 1955 3133 p..63
2111 3079 2167 3132 (8
2169 3077 2208 3132 8)
2249 3080 2366 3122 Dem-
2396 3095 2438 3119 π.
2466 3094 2634 3136 παραπρ.
2662 3047 2869 3134 p.365fin

853 3159 889 3212 ⁹)

792 2999 847 3051 (18

793 3078 868 3133 (7

791 3158 849 3213 (18
932 3159 987 3200 Di
953 3160 1136 3267 uodorus
1164 3159 1273 3200 XVI.
1282 3158 1338 3200 59
1367 3173 1476 3201 manc
1456 3174 1499 3201 ca
1528 3161 1577 3202 de
1607 3160 1666 3201 his
1695 3158 1872 3211 tradidit,
1898 3159 2002 3201 unde
2032 3173 2116 3201 rem
2146 3173 2221 3213 per
2221 3158 2374 3213 spicere
2401 3173 2481 3202 non
2499 3159 2636 3201 valeas.
2680 3159 2872 3203 Accurata

736 3228 856 3283 iirgtu
883 3227 952 3268 hui
979 3227 1108 3268 selo·
1137 3240 1183 3268 ex
1184 3227 1358 3281 posiinto
1361 3241 1383 3268 e
1411 3228 1568 3270 meritus
1597 3242 1639 3269 es
1622 3237 1657 3269 st
1685 3225 1868 3268 Flathei
1870 3226 2012 3268 ubist.
2041 3225 2193 3267 Maced.
2223 3239 2303 3279 q.v
