3375 4043
1817 220 1894 278 60

784 353 1056 402 mosissima
1094 362 1200 401 erat
1232 350 1358 401 haec
1392 367 1535 401 causa
1559 346 1879 411 Timarchea3
1918 359 2069 417 atque
2091 345 2360 398 Aeschines
2394 362 2500 396 non
2533 365 2720 416 paucos
2755 347 2919 398 offen-

783 436 952 487 debat.
1014 434 1224 487 Praeter
1255 434 1646 487 Demosthenem
1672 430 1869 482 ‚dueem
1911 435 2081 484 nescio
2118 450 2268 505 quem
2300 429 2565 501 insignem,
2609 444 2668 483 ut
2699 431 2914 494 videtur,

782 522 1006 573 habebat
1039 521 1302 574 adversarii
1335 530 1601 589 patronum
1635 517 1709 585 (p.
1730 518 1812 566 18.
1833 518 1948 584 34);
1986 516 2292 569 adversarius
2314 519 2594 579 acerrimus,
2634 518 2729 567 nisi
2751 521 2921 586 potius

784 609 886 658 iam
922 620 1065 658 antea
1100 607 1218 667 fuit,
1264 603 1381 654 inde
1417 606 1463 653 ei
1498 603 1678 652 exstitit
1711 600 2026 672 Hegesippus
2037 640 2051 664 ,
2092 613 2263 652 orator
2295 602 2706 672 praeclarissimus
2719 639 2733 663 ,
2772 601 2924 651 frater

786 692 1093 762 Hegesandri
1127 708 1291 759 neque
1326 691 1479 758 ipsius
1513 689 1629 737 artis
1663 684 1864 735 dicendi
1899 688 2112 754 expertis
2146 688 2301 754 inque
2334 690 2484 740 rebus
2515 687 2728 757 publicis
2763 684 2925 747 admi-1

787 777 1053 829 nistrandis
1095 794 1199 825 non
1241 777 1437 834 versati,
1489 790 1637 841 quem
1678 769 2000 820 vehementer
2038 770 2204 820 verbis
2245 773 2496 823 insecutus
2538 785 2614 823 est
2656 783 2729 842 (Ρ.
2747 771 2827 821 15“.
2856 770 2923 820 35

790 882 867 934 sq.
897 865 980 912 22.
1002 865 1073 928 8).
1125 861 1296 929 Ipsum
1319 859 1657 927 Hegesippum
1692 856 1791 904 hoc
1827 867 1878 905 et
1912 857 2141 925 sequenti
2175 872 2308 904 anno
2344 857 2500 906 multa
2526 859 2728 927 publice
2752 855 2923 907 adver-

789 965 868 997 sus
901 945 1193 1014 Philippum
1229 946 1408 1013 egisse,
1456 952 1595 1013 patet
1630 958 1658 992 e
1692 940 1842 992 Dem.
1879 959 1929 990 π.
1963 958 2161 1014 vagare.
2195 957 2250 1010 p.
2267 941 2386 993 447.
2426 940 2493 990 cf.
2522 942 2642 991 364.
2680 943 2760 992 111
2780 941 2923 993 Phil.

786 1050 838 1101 p.
858 1031 975 1093 1⁶29,
1016 1028 1231 1081 eundem
1266 1031 1346 1079 cui
1381 1037 1496 1080 cum
1530 1039 1722 1079 veteres
1757 1038 1863 1078 tum
1898 1028 2199 1077 recentiores
2235 1027 2514 1077 orationem
2549 1024 2614 1076 de
2636 1025 2927 1077 Halonneso

785 1116 1007 1166 habitam
1033 1114 1120 1166 Ol.
1148 1116 1264 1165 109.
1286 1116 1318 1164 2
1352 1117 1657 1184 assignarunt
1680 1114 1817 1180 (²²³).
1872 1110 2026 1176 Quod
2062 1129 2177 1162 cum
2212 1116 2348 1162 extra
2385 1109 2593 1161 dubium
2627 1111 2775 1161 nobis
2810 1121 2924 1173 stet,

787 1200 920 1251 idem
956 1204 1143 1250 circum
1180 1200 1281 1250 hoc
1315 1211 1511 1269 tempus
1547 1199 1838 1268 Callippum
1872 1196 2225 1248 Paeaniensem
2263 1199 2532 1258 accusavit,
2582 1195 2720 1266 quod
2756 1207 2929 1246 contra

786 1288 920 1356 leges
963 1285 1217 1337 decretum
1261 1284 1476 1346 fecisset,
1524 1295 1581 1334 ut
1617 1282 1798 1335 Cardia
1843 1281 1904 1332 ad
1940 1283 2156 1333 Atticam
2199 1293 2382 1333 terram
2423 1299 2488 1332 ne
2529 1284 2802 1351 pertineret
2844 1280 2929 1347 (de

790 1372 1011 1421 Halonn.
1044 1373 1224 1440 p.87).

982 1455 1122 1506 Dum
1162 1454 1257 1505 hae
1300 1471 1473 1505 causae
1515 1455 1738 1505 forenses
1780 1455 1832 1503 in
1866 1454 1991 1504 urbe
2027 1463 2254 1522 aguntur,
2302 1452 2630 1504 Athenienses
2665 1451 2812 1502 simul
2839 1458 2928 1500 'ex-

793 1553 959 1590 ternas
994 1557 1072 1589 res
1108 1550 1349 1608 spectant.
1400 1538 1669 1607 Diopithes
1703 1556 1816 1587 cum
1845 1536 2038 1586 colonis
2060 1535 2446 1585 Atheniensibus
2469 1536 2522 1582 in
2545 1534 2932 1602 Hellespontum

787 1625 1043 1694 profectus
1068 1634 1142 1672 est
1166 1623 1305 1687 (²²4),
1344 1623 1432 1671 ubi
1468 1639 1585 1671 mox
1601 1655 1602 1659 ,
1620 1624 1666 1670 ei
1702 1634 1815 1670 cum
1849 1619 2128 1670 civitatibus
2149 1617 2390 1688 Philippo
2425 1620 2623 1668 sociatis
2656 1617 2929 1667 simultates

789 1712 1044 1760 exsistunt.
1098 1706 1363 1776 Philippus
1399 1727 1511 1757 cum
1536 1705 1866 1757 Athenienses
1901 1704 2167 1755 multifarie
2201 1705 2299 1754 sibi
2335 1715 2385 1754 et
2418 1702 2560 1754 factis
2592 1715 2642 1754 et
2664 1704 2828 1754 verbis
2850 1721 2928 1754 re-

791 1797 960 1845 sistere
994 1792 1214 1854 vidisset,
1252 1805 1421 1842 tamen
1456 1794 1719 1841 amicitiam
1753 1790 2057 1858 reipublicae
2096 1790 2322 1838 obtinere
2357 1788 2560 1839 studuit.
2622 1787 2824 1859 Python
2857 1789 2929 1838 le-

792 1890 932 1949 gatus
968 1880 1072 1927 eius
1095 1877 1307 1926 Athenis
1343 1879 1469 1944 regis
1503 1878 1706 1925 nomine
1742 1876 2083 1942 conqueritur,
2123 1875 2259 1941 ipsos
2281 1871 2609 1923 Athenienses
2640 1891 2825 1942 regem,
2865 1891 2929 1923 ne

792 1981 912 2033 prae
950 1961 1180 2011 omnibus
1217 1960 1419 2008 Graecis
1453 1962 1640 2006 amicos
1675 1959 1771 2005 sibi
1806 1958 2008 2016 faceret,
2054 1954 2325 2025 impedire;
2363 1947 2679 2024 'indignatum
2715 1974 2818 2007 esse
2853 1976 2931 2008 re-

793 2065 919 2117 gem,
960 2043 1096 2114 quod
1135 2059 1240 2104 eos,
1281 2044 1368 2111 qui
1403 2041 1478 2090 illi
1514 2039 1884 2100 maledicerent,
1925 2057 2039 2088 cum
2073 2039 2439 2108 approbatione
2467 2040 2573 2090 fere
2599 2044 2821 2090 omnium
2844 2059 2929 2090 au-

791 2210 908 2260 cisci,
942 2221 1078 2250 versus
1106 2206 1224 2246 finem
1252 2205 1336 2245 fere
1364 2203 1477 2244 huius
1504 2204 1615 2254 anni,
1650 2202 1733 2243 sive
1763 2202 1898 2257 priore
1928 2201 2094 2243 dimidio
2123 2215 2157 2241 a.
2179 2199 2262 2242 343
2290 2200 2441 2253 habita,
2468 2202 2502 2242 si
2528 2201 2675 2243 Eubuli
2703 2203 2794 2243 anni
2823 2203 2932 2255 (cum

792 2285 884 2332 post
911 2274 1083 2329 Philipp.
1112 2273 1153 2312 11
1180 2272 1311 2313 habita
1338 2270 1453 2312 nobis
1481 2271 1562 2312 visa
1589 2271 1674 2323 sit),
1710 2269 1796 2310 fere
1826 2268 1939 2309 initio
1967 2268 2125 2323 Lycisci
2154 2268 2245 2309 anni
2274 2268 2356 2309 sive
2386 2268 2519 2310 medio
2549 2268 2693 2309 2344.
2751 2268 2806 2309 At
2834 2269 2932 2309 nihil

793 2345 852 2385 his
880 2342 1034 2393 tribuo,
1064 2356 1152 2382 cum
1180 2339 1343 2382 verbum
1370 2333 1495 2397 πρῴην
1522 2352 1598 2394 pro
1628 2345 1829 2379 oratorum
1857 2350 1967 2377 more
1996 2335 2196 2387 licentius,
2223 2345 2276 2378 ut
2296 2335 2455 2377 latinum
2482 2350 2623 2397 nuper,
2651 2335 2692 2376 in
2719 2337 2929 2378 novissima

791 2410 984 2466 Dionysia
1011 2408 1155 2449 referri
1183 2422 1266 2449 non
1294 2408 1345 2448 sit
1372 2420 1544 2448 necesse.
1573 2425 1628 2437 —
1658 2404 1804 2446 Obiter
1831 2403 1908 2445 hoc
1937 2403 2029 2445 loco
2058 2403 2164 2445 aliud
2193 2401 2234 2445 ¹et:
2262 2418 2284 2445 a
2312 2418 2423 2445 causa
2451 2403 2523 2445 hac
2548 2403 2717 2445 alienum
2736 2412 2929 2446 notemus.

791 2477 992 2535 Misgolas,
1008 2476 1070 2517 cui
1089 2475 1195 2517 idem
1210 2484 1327 2530 atque
1334 2472 1522 2516 Aeschini
1537 2472 1671 2529 aetatis
1686 2486 1808 2513 annus
1824 2484 1906 2513 esse
1922 2471 2065 2512 dicitur
2081 2470 2170 2526 (pff
2171 2500 2181 2512 .
2189 2470 2279 2525 38.)
2294 2471 2605 2528 quadragesimus
2623 2471 2792 2525 quintus,
2806 2471 2933 2513 maior

792 2555 885 2587 natu
914 2553 997 2586 erat
1024 2543 1237 2585 Timarcho
1267 2544 1326 2599 (p.
1336 2543 1374 2584 6.
1384 2541 1486 2595 38.).
1531 2539 1762 2582 Timarchus
1776 2547 1919 2580 -autem
1946 2547 2102 2581 senator
2121 2547 2206 2581 erat
2222 2537 2427 2581 Archonte
2444 2538 2696 2594 Nicophemo
2718 2538 2927 2581 01.1o4.4

793 2614 848 2667 (a.
863 2612 967 2664 361)
995 2611 1130 2665 (Ρ.15.
1146 2610 1248 2663 28.).
1290 2610 1401 2667 Ergo
1431 2616 1472 2651 et
1489 2607 1704 2650 Aeschines
1734 2614 1776 2649 et
1794 2606 1979 2662 Misgolas
2006 2606 2082 2648 hoc
2111 2619 2215 2648 anno
2243 2606 2292 2646 ad
2319 2620 2508 2647 summum
2536 2607 2617 2648 nati
2646 2613 2758 2648 erant
2784 2606 2839 2646 28
2858 2619 2929 2645 an—

793 2695 889 2732 nos,
919 2693 963 2720 ac
993 2678 1223 2719 Timarchus
1250 2679 1381 2732 paullo
1411 2678 1543 2718 minor
1569 2684 1673 2717 natu.
1716 2676 1846 2732 Igitur
1873 2675 1975 2714 alind
2004 2675 2222 2730 exemplum
2249 2682 2471 2715 senatorum
2497 2675 2660 2732 triginta
2687 2675 2796 2714 annis
2825 2673 2929 2714 infe-

793 2750 946 2789 riorum
974 2745 1076 2786 hunc
1105 2745 1357 2785 Timarchum
1385 2745 1486 2785 addo
1516 2744 1816 2784 Hermannianis
1838 2741 1973 2795 Antiq.
1995 2741 2068 2782 Gr.
2098 2740 2235 2796 §148.
2263 2755 2303 2780 n.
2313 2742 2353 2793 6,
2381 2742 2464 2796 qui,
2492 2756 2581 2783 cum
2607 2741 2828 2782 Boeckhius
2857 2741 2927 2792 (de

793 2814 974 2856 archont.
994 2812 1237 2868 pseudepon.
1257 2811 1420 2866 p.132.)
1450 2820 1490 2852 et
1507 2812 1679 2852 Meierus
1708 2809 1810 2863 (Λα.
1826 2809 1989 2850 Process
2008 2808 2160 2864 p.132)
2188 2815 2352 2850 aetatem
2380 2809 2613 2851 senatoriam
2642 2816 2683 2849 et
2709 2807 2930 2849 iudicialem

736 2892 739 2893 ’
794 2880 1042 2924 coniecerim
1069 2880 1334 2929 tricenariam,
1361 2878 1608 2920 Andocidem
1637 2879 1779 2920 ducem
1808 2875 1856 2918 ad
1886 2877 2041 2918 Samum
2069 2875 2123 2917 28
2152 2891 2273 2919 annos
2301 2885 2430 2919 natum
2458 2876 2627 2919 exhibet.

850 2960 947 3014 (¹⁹³)
989 2959 1136 3002 Jacobs
1167 2968 1283 3001 oratt.
1312 2957 1420 3013 publ.
1449 2958 1590 3013 p.378.
1634 2959 1739 3000 Vide
1769 2957 1893 2999 libros
1923 2956 1988 2997 cit.
2016 2957 2118 3011 apud
2145 2957 2279 2999 Ranke
2307 2957 2350 2998 in
2377 2958 2458 2999 vita
2484 2957 2602 2998 Dein.
2631 2955 2812 3010 (Encycl.
2841 2956 2929 2997 Hal.

795 3046 834 3084 p.
845 3030 975 3081 100),

849 3105 947 3162 (²⁹⁴)
990 3106 1071 3148 Iam
1099 3107 1155 3148 ibi
1186 3117 1270 3149 erat
1298 3122 1401 3149 anno
1431 3106 1645 3162 Pythodoti
1676 3106 1742 3149 01.
1759 3105 1905 3148 1093.
1934 3104 2010 3147 vid.
2040 3094 2322 3161 Dionys.'Din.
2352 3121 2391 3159 p.
2402 3104 2496 3146 6662
2525 3099 2757 3146 Διοπιῖθους
2774 3098 2826 3144 ἔτι
2847 3098 2931 3161 περὶ

791 3170 1072 3224 Ἑλλήσποντον
1099 3177 1169 3214 τοῦ
1181 3178 1269 3223 Ιἰἰιίἲν
1293 3173 1438 3223 Ἀθην.
1468 3176 1685 3233 στρατηγοῦ
1713 3169 1985 3231 διατρίβοντος.
2015 3194 2069 3203 -
2099 3168 2179 3211 ἔστι
2209 3166 2250 3212 δὲ
2279 3172 2298 3210 ὅ
2329 3167 2470 3227 χρόνος
2496 3169 2598 3211 uma?
2618 3166 2843 3218 Πυθόδοτον
2863 3165 2931 3227 ἅρ-

796 3259 937 3297 χοντα,
967 3242 1017 3287 ὦς
1047 3240 1159 3291 δηλοῖ
1181 3237 1405 3300 Φιλόχορος.
