3375 4043
1821 200 1898 259 24

790 329 865 389 τὴν
908 328 1102 389 ἐμαυτοῦ
1144 325 1274 400 τάξιν
1318 326 1375 383 εἷς
1418 332 1460 380 ἓν
1496 324 1663 395 ἑκάστῃ
1696 328 1783 378 τῶν
1811 326 2073 388 Ἐλληνίδων
2107 324 2277 380 πόλεων
2312 326 2417 404 ἀνὴρ
2451 327 2637 391 &iuss-o,
2680 333 2854 395 μᾶλλον
2890 336 2930 382 εἰ

786 410 858 465 ἕνα
906 410 1033 477 μόνον
1078 411 1213 491 ἄνδρα
1257 414 1484 469 Θετταλία
1529 413 1602 467 καὶ
1644 408 1717 464 ἕνα
1761 409 1897 490 ἄνδρα
1934 412 2145 490 ’Δρκωδία
2182 412 2328 467 ταύτὰ
2361 416 2603 491 φρονοῦντα
2632 414 2783 483 ἔσχον
2817 415 2924 480 ὅμοι’,

787 498 919 556 οὐδεὶς
961 496 1012 553 ἂν
1057 499 1156 554 οὔτε
1196 504 1283 554 τῶν
1323 498 1411 573 ἔξω
1447 502 1602 554 Πυλῶν
1632 495 1861 561 »Ἑλλήνων
1906 497 2015 553 οὔτι
2037 503 2124 553 τῶν
2158 499 2264 554 οῶω
2298 506 2388 556 τοῖς
2421 502 2611 577 παροῦσι
2642 508 2797 557 κακοὶ·
2828 500 2921 555 ἐπιέ-

787 591 920 662 ‘lgm’
957 584 1024 645 ἄν,
1060 586 1183 640 ἀλλὰ
1215 583 1378 643 πάντες
1410 582 1462 640 ἂν
1497 584 1612 641 ὅντες
1644 581 1871 661 ἐλεύθεροι
1907 586 1983 639 καὶ
2014 583 2240 650 αὐτόνομοι
2273 586 2390 649 μετὰ
2419 584 2567 648 πόσης
2598 584 2743 642 ἇᾶίαι·
2765 591 2922 656 ἀσφα-

788 677 880 728 λῶς
914 678 956 725 ἐν
991 672 1240 739 εὐδαιμονίᾳ
1272 671 1357 727 τὰς
1389 675 1553 724 ἑαυτῶν
1588 668 1723 738 ᾤκουν
1759 671 1987 747 πατρίδας,
2022 674 2109 723 τῶν
2142 667 2365 723 τοσούτων
2401 672 2476 724 καὶ
2500 670 2700 725 τοιούτων
2725 672 2924 735 ἀγαθῶν

787 763 887 823 ὑμῖν
916 759 1103 812 καὶτοῖς
1135 756 1287 812 ἄλλοις
1313 758 1565 818 ’Δὸηναίοις
1599 755 1780 822 &evm
1812 754 1947 832 χάριν
1984 755 2033 807 δι’
2066 753 2154 818 ἐμέ.
2189 756 2307 830 (περὶ
2340 774 2475 825 στσφ.
2509 762 2715 830 p.327).

1793 913 1846 979 g.
1865 913 1915 962 3.

974 1013 1489 1066 Commemoravimus
1524 1030 1672 1084 supra
1708 1029 1883 1065 eorum
1917 1024 2100 1084 partes,
2148 1014 2235 1084 qui
2268 1029 2329 1064 ex
2365 1013 2752 1084 opulentissimis
2782 1031 2923 1064 com-

783 1102 936 1170 positi
972 1117 1247 1170 paucorum
1282 1101 1495 1180 imperio
1531 1101 1744 1170 pacique
1780 1099 2145 1151 conservandae
2178 1103 2324 1150 unice
2359 1097 2654 1150 studuerint.
2729 1098 2926 1149 Horum

786 1202 1030 1254 quaenam
1065 1187 1228 1255 capita
1261 1187 1613 1255 principesque
1646 1184 1848 1246 fuerint,
1888 1188 1986 1235 iam
2022 1187 2292 1236 accuratius
2326 1186 2700 1254 persequamur.
2755 1184 2924 1254 Atque

782 1275 913 1320 inter
947 1273 1210 1340 primarios
1247 1270 1394 1321 huius
1428 1273 1619 1339 generis
1653 1272 1856 1321 summis
1884 1271 2065 1339 opibus
2092 1287 2367 1340 magnaque
2395 1272 2684 1321 auctoritate
2713 1268 2924 1321 excelle-

787 1359 875 1406 bat
909 1355 1087 1406 Midias
1121 1357 1467 1425 Anagyrasius,
1515 1355 1648 1406 filius
1684 1355 2039 1425 Cephisodoti.
2112 1356 2282 1407 Homo
2319 1367 2423 1407 erat
2456 1354 2615 1406 audax
2650 1366 2702 1406 et
2732 1353 2924 1407 violen-

788 1453 886 1490 tus:
916 1443 1176 1490 temeraria
1203 1441 1422 1490 facinora
1448 1451 1703 1509 perpetrat
1728 1457 1822 1491 nec
1850 1441 2076 1490 manibus
2099 1452 2360 1509 temperat.
2413 1441 2604 1491 Eorum
2628 1458 2767 1501 vero,
2798 1456 2925 1507 quos

788 1529 1030 1575 continuo
1065 1526 1171 1574 fere
1204 1527 1579 1593 importunitate
1616 1536 1666 1574 et
1700 1524 1911 1575 lasciviis
1945 1524 2171 1583 vexabat,
2210 1524 2294 1573 alii
2330 1523 2532 1590 quidem
2563 1521 2817 1573 audaciam
2844 1531 2923 1571 to·

783 1613 962 1669 lerare,
1002 1615 1187 1659 amicos
1221 1611 1437 1659 hominis
1474 1627 1696 1676 opesque
1733 1610 1893 1667 veriti3
1933 1605 2035 1668 alii,
2076 1607 2163 1675 qui
2194 1602 2440 1657 vindictae
2474 1601 2758 1667 studebant,
2796 1604 2924 1656 nihil

784 1695 1001 1756 efficere,
1040 1694 1122 1742 alii
1158 1696 1370 1763 pecunia
1406 1704 1608 1762 accepta
1643 1690 1943 1761 litigationes
1978 1707 2282 1760 componere
2302 1692 2417 1757 (⁹⁵).
2473 1690 2568 1742 Ille
2596 1690 2743 1742 aedes
2771 1691 2922 1742 Eleu-

784 1784 890 1830 sine
935 1776 1356 1845 splendidissimas
1399 1776 1763 1838 exaedificavit,
1812 1792 1934 1844 quas
1967 1775 2336 1826 Demosthenes
2380 1777 2612 1827 omnibus
2655 1776 2789 1826 illius
2823 1776 2925 1826 loci

788 1863 1021 1912 domibus
1056 1861 1286 1911 tenebras
1320 1858 1571 1910 obducere
1605 1857 1726 1910 dicit
1744 1860 1861 1925 (⁹⁶);
1901 1869 1950 1909 et
1983 1875 2191 1910 uxorem
2226 1858 2287 1909 ad
2315 1862 2452 1910 initia
2478 1860 2633 1922 vehit,
2672 1878 2728 1912 ac
2753 1866 2793 1914 si
2819 1877 2923 1930 quo

789 1949 888 1997 alio
921 1947 1085 2005 libuit,
1124 1945 1248 1994 albis
1283 1945 1408 2010 bigis
1435 1941 1699 2011 Sicyoniis3
1738 1943 1846 2010 ipse
1876 1959 1990 1992 cum
2015 1942 2173 1994 tribus
2203 1953 2477 2011 quatuorve
2503 1943 2810 2014 pedissequis
2833 1961 2925 2014 per

788 2034 951 2082 forum
984 2029 1197 2098 superbe
1233 2024 1435 2078 incedit.
1510 2026 1582 2076 Ea
1619 2041 1822 2076 munera
1858 2024 2166 2082 administrat
2200 2043 2228 2077 a
2260 2027 2457 2096 populo
2487 2039 2695 2093 creatus,
2734 2031 2786 2080 in
2813 2031 2921 2099 qui-

786 2121 878 2166 bus
914 2132 1105 2165 summa
1130 2126 1235 2163 erat
1262 2112 1489 2181 dignitas,
1528 2110 1690 2162 Parali
1717 2113 2011 2179 quaestoris,
2051 2114 2268 2180 magistri
2294 2115 2537 2181 equitum,
2577 2117 2924 2183 mysteriorum

788 2206 1045 2262 curatoris,
1086 2200 1177 2250 alia
1200 2201 1315 2263 (⁹⁷).
1390 2195 1552 2267 Saepe
1586 2194 1655 2248 de·
1684 2215 1777 2247 suo
1812 2207 2035 2266 sumptus
2062 2198 2115 2249 in
2146 2198 2506 2268 rempublicam
2539 2197 2675 2262 facit,
2714 2197 2924 2251 chorum

790 2300 1010 2348 exornat,
1050 2289 1301 2336 triremem
1337 2283 1490 2333 donat
1513 2285 1626 2349 (⁹⁸),
1676 2301 1848 2335 verum
1883 2286 2076 2353 saepius
2109 2282 2232 2334 haec
2266 2287 2371 2353 ipsa
2406 2283 2794 2336 Atheniensibus
2831 2286 2922 2335 ob-

785 2378 906 2434 iicit,
947 2373 1107 2421 sicubi
1143 2373 1238 2441 ipsi
1275 2368 1612 2430 adversantur,
1652 2387 1709 2418 ac
1736 2371 1777 2418 si
1805 2367 2004 2419 adversa
2031 2369 2231 2420 fortuna
2258 2369 2378 2439 quid
2404 2381 2680 2440 gesserunt:
2719 2370 2804 2421 Me
2827 2389 2920 2440 pu·

788 2462 920 2519 tatis,
958 2461 1139 2527 inquit,
1179 2457 1367 2506 tributa
1401 2456 1545 2505 vobis
1580 2454 1898 2515 collaturum,
1939 2456 2119 2524 quibus
2151 2455 2408 2506 fruamini?
2441 2457 2527 2506 Me
2562 2458 2746 2525 putatis
2779 2458 2921 2506 trire-

788 2560 893 2593 mes
936 2545 1306 2603 instructurum,
1353 2558 1443 2592 vos
1478 2543 1552 2590 uti
1586 2557 1650 2590 ne
1685 2557 1835 2590 naves
1870 2539 2226 2602 conscendatis,
2266 2540 2352 2591 sed
2386 2544 2554 2610 potius
2590 2543 2750 2592 otiose
2786 2540 2924 2591 domi

788 2625 1032 2678 sedeatis?
1099 2625 1273 2693 Itaque
1328 2623 1577 2675 interdum
1618 2623 1915 2692 subterfugit
1966 2624 2027 2676 de
2069 2642 2161 2676 suo
2205 2628 2257 2676 in
2299 2627 2658 2696 rempublicam
2700 2629 2922 2695 impensa

844 2847 922 2901 (π)
966 2846 1174 2889 υεωωιιι.
1205 2846 1246 2886 in
1272 2844 1432 2885 Midam
1452 2845 1534 2885 init.
1556 2847 1763 2894 orationi„
1794 2844 1844 2886 ef.
1865 2844 1995 2899 p.542
2009 2845 2090 2898 fin„
2109 2830 2342 2901 p;545.559
2358 2847 2442 2888 init„
2464 2844 2920 2902 p.560.574.577.578.

843 2926 922 2981 (⁹⁶)
967 2927 1063 2967 ibid.
1094 2925 1227 2982 p.565
1242 2925 1307 2965 fin.

844 3006 922 3059 (⁹⁷)
965 3007 1079 3057 Quae
1108 3006 1269 3061 quidem
1297 3007 1429 3046 omnia
1457 3006 1554 3048 vitio
1584 3007 1620 3047 ei
1649 3007 1770 3049 vertit
1798 3006 2096 3057 Demosthenes,
2126 3007 2221 3049 ibid.
2251 3023 2290 3063 p.
2300 3007 2385 3048 570
2403 3023 2461 3061 sq.

843 3083 923 3140 (⁹⁸)
965 3084 1061 3126 ibid.
1097 3100 1136 3140 p.
1146 3084 1228 3127 565
1248 3094 1306 3140 'sq-
1344 3084 1393 3125 ad
1423 3085 1709 3140 expeditionem
1737 3085 1953 3126 Euboicam
1982 3085 2047 3126 01.
2063 3086 2214 3134 107.1;
2251 3087 2292 3125 in
2325 3087 2439 3126 aliam
2468 3086 2587 3126 etiam
2613 3085 2814 3127 triremem
2841 3087 2917 3127 im-

786 3169 906 3209 pensa
943 3153 1060 3203 fecit,
1096 3152 1205 3207 quod
1239 3152 1400 3203 scimus,
1438 3153 1658 3207 posteriore
1694 3161 1898 3207 tempore,
1935 3154 1983 3195 de
2020 3167 2094 3207 qua
2129 3153 2220 3194 vide
2249 3152 2438 3194 Boeckbii
2469 3152 2519 3193 de
2548 3167 2592 3194 re
2621 3154 2745 3195 navali
2773 3154 2917 3195 Athen.

787 3222 863 3263 tab.
880 3222 988 3263 XIV.
1006 3220 1044 3261 d.
1061 3214 1234 3261 49.1'25.
1265 3220 1336 3261 cfr.
1365 3219 1441 3261 tab.
1458 3220 1563 3260 XVI.
1585 3219 1931 3262 a.110.144.185.
