3375 4043
1835 197 1911 257 36

1333 338 1354 364 f
1807 327 1858 397 §-
1876 329 1925 381 7.
2864 375 2866 378 ,

985 413 1136 466 Haud
1181 416 1392 467 arbitrer
1427 410 1652 483 Olyntho
1696 422 1840 481 capta
1866 429 2051 469 ‚rursus
2087 417 2320 466 exarsisse
2364 416 2416 465 in
2450 413 2743 486 Philippum
2777 420 2932 472 Athe-

795 501 1045 551 niensium
1081 499 1271 552 odium.
1344 499 1572 568 Namque
1606 498 1703 547 iam
1739 495 1828 548 diu
1864 491 2200 569 exspectatum
2235 510 2358 562 erat,
2402 498 2511 552 fore
2545 511 2607 551 ut
2637 504 2816 555 urbem
2851 522 2935 557 ex-

795 598 1059 656 pugnaret3
1097 589 1293 656 ipsique
1328 585 1669 644 Athenienses,
1708 593 1766 633 ut
1793 582 2014 657 videtur,
2062 583 2388 638 destituerunt
2423 588 2628 637 omnino
2663 584 2935 657 Olynthios

798 659 859 721 ex
895 689 957 721 eo
991 682 1245 740 tempore,
1293 688 1397 739 quo
1434 666 1742 721 Chaleidices
1778 668 1968 737 oppida
2012 661 2344 720 inditionem
2376 675 2509 741 regis
2537 671 2737 723 redacta
2773 685 2930 737 erant,

798 767 849 807 et
883 756 1034 807 factio
1072 755 1429 825 Olynthiorum
1464 753 1703 822 Philippo
1740 755 1890 821 magis
1925 748 2179 821 magisque
2215 755 2472 813 conciliari
2489 753 2705 827 coepta,
2754 747 2844 823 (ita
2878 770 2936 808 ut

796 844 1000 904 minime
1035 840 1241 889 callidus
1266 851 1428 889 emtor
1450 838 1660 908 Olynthi
1684 866 1704 875 —
1728 838 1951 887 Iuvenal.
1972 836 2091 886 XII.
2105 832 2171 889 47
2187 865 2211 877 —
2234 836 2500 909 Philippus
2522 845 2691 891 vocari
2713 841 2930 911 debeat),

797 916 911 991 quo'
945 923 1123 971 eodem
1164 924 1467 972 humanitate
1509 926 1637 991 regis
1680 925 1732 971 in
1774 921 2022 973 civitatem
2056 919 2439 973 Atheniensium·
2470 940 2563 992 per
2596 926 2785 994 legatos
2820 928 2934 978 illos

793 1009 987 1073 cognita
1030 1006 1094 1057 de
1137 1024 1273 1074 pacev
1304 1007 1522 1057 ineunda
1571 1010 1625 1056 in
1672 1003 1807 1056 urbe'
1841 1000 2091 1075 agebatur.
2120 1003 2404 1064 „Oratores
2447 1007 2679 1058 consulto
2724 1008 2935 1079 Olynthi

793 1093 1062 1142 eversionis
1097 1108 1304 1160 perraro
1340 1094 1648 1141 mentionem
1683 1085 1851 1141 facere*
1880 1089 2129 1153 videntur,
2168 1090 2656 1161 propterea-20pinor
2684 1092 2823 1161 quod
2848 1111 2933 1143 au·

791 1176 965 1225 xilium
1000 1178 1204 1226 missum
1239 1194 1416 1246 pamm
1450 1176 1709 1246 profuerat
1744 1174 2014 1246 Olynthiis.
2039 1196 2042 1202 ·
2087 1176 2244 1245 Magis
2269 1171 2418 1228 etiam
2440 1176 2664 1247 populus
2684 1181 2824 1247 pacis
2845 1195 2931 1248 ap-

791 1272 966 1330 petens
1018 1259 1135 1312 inde
1188 1263 1435 1331 apparuit.
1517 1261 1788 1313 Moverunt
1834 1278 2039 1330 quoque
2084 1259 2281 1331 cognati
2325 1279 2501 1313 eorum
2545 1264 2750 1325 civium,
2807 1281 2932 1331 quos

795 1343 1022 1414 Olyntho
1059 1355 1334 1414 expugnata
1367 1363 1454 1396 rex
1488 1345 1673 1396 multos
1700 1339 1925 1413 ceperat,
1949 1356 2021 1395 ¹ut
2054 1344 2132 1396 his
2163 1361 2373 1414 operam
2407 1345 2548 1397 daret
2577 1347 2795 1415 populus
2816 1365 2931 1416 pre-

796 1440 981 1480 cantes.
1056 1429 1190 1480 Tum
1222 1428 1507 1480 Philocrate
1550 1440 1602 1479 et
1639 1428 1984 1479 Demosthene
2027 1428 2347 1480 suadentibus
2390 1429 2733 1481 Aristodemus
2768 1444 2925 1492 actor,

796 1525 902 1565 arte
936 1533 1021 1565 sua
1057 1517 1173 1581 regi
1195 1525 1443 1583 acceptus,
1484 1516 1537 1564 in
1570 1511 1917 1564 Macedoniam
1950 1515 2123 1562 missus
2158 1525 2248 1562 est.
2293 1513 2419 1574 >Qui
2447 1531 2568 1562 *cum
2602 1516 2798 1563 circum·
2823 1532 2926 1564 me-

794 1598 930 1646 dium
965 1598 1390 1648 Boedromionem
1425 1601 1541 1646 anni
1579 1590 1803 1645 Thessali
1841 1594 1926 1643 Ol.
1957 1596 2135 1654 108.2,
2177 1612 2281 1662 quo
2303 1598 2437 1644 anno
2459 1594 2853 1646 Demosthenem
2875 1602 2930 1647 in

788 1692 1041 1730 senatores
1075 1683 1237 1730 sortiti
1274 1692 1431 1741 erant,
1470 1678 1712 1741 rediisset,
1753 1677 1928 1728 eadem
1963 1696 2076 1729 cum
2110 1680 2362 1748 prioribus
2395 1679 2568 1749 legatis
2603 1679 2667 1731 de
2696 1685 2927 1733 comitate

786 1769 914 1834 regis
949 1765 1170 1814 referens
1205 1764 1361 1826 addit,
1403 1767 1552 1814 etiam
1587 1766 1874 1812 societatem
1909 1765 2034 1811 inire
2070 1761 2246 1812 sedulo
2269 1780 2436 1831 regem
2459 1776 2673 1834 optasse.
2732 1766 2923 1819 Demo-

790 1850 967 1900 sthene
1009 1859 1215 1917 rogante
1257 1865 1445 1898 corona
1490 1846 1703 1897 donatus
1748 1856 1822 1896 est
1862 1843 2223 1896 Aristodemus.
2298 1846 2431 1897 Tum
2483 1849 2693 1900 alterum
2744 1856 2927 1904 exstitit

790 1933 1085 1984 Philocratis
1127 1931 1382 1981 decretum
1425 1931 1583 1979 altero
1627 1946 1694 1977 m.
1734 1928 2006 1985 Boedrom.
2047 1928 2256 1993 dimidio
2276 1917 2417 1998 (¹³5),
2464 1944 2521 1984 ut
2563 1931 2827 1988 decemviri
2862 1937 2925 1989 ad

790 2019 1079 2088 Philippum
1123 2017 1268 2086 legati
1304 2024 1607 2077 crearentur,
1656 2015 1743 2083 qui
1779 2012 1841 2064 de
1877 2029 2000 2083 pace
2036 2024 2086 2065 et
2121 2013 2185 2066 de
2220 2016 2305 2078 iis,
2354 2034 2482 2085 quae
2517 2030 2568 2070 et
2601 2016 2840 2090 Philippo
2876 2035 2926 2074 et

791 2203 965 2244 exercitu
992 2200 1214 2256 profectum
1243 2198 1454 2255 Olynthios
1491 2197 1641 2240 duobus
1669 2197 1834 2253 proeliis
1861 2198 1987 2239 victos
2022 2198 2065 2239 in
2092 2197 2190 2240 urbe
2218 2198 2532 2249 circumedinm
2568 2208 2610 2241 et
2636 2200 2805 2255 primum
2833 2203 2922 2255 qui-

791 2270 886 2311 dem
910 2268 1178 2323 frequentibus
1207 2276 1295 2308 ante
1323 2281 1456 2308 muros
1484 2266 1769 2322 irruptionibus
1796 2266 1939 2307 multos
1966 2266 2109 2309 milites
2137 2266 2376 2322 perdidisse,
2404 2267 2576 2321 denique
2596 2267 2743 2310 urbem
2770 2268 2921 2324 Euthy-

789 2338 904 2378 cratis
934 2346 975 2377 et
1001 2335 1206 2376 Lasthenis
1235 2335 1483 2390 proditorum
1513 2348 1590 2389 ope
1619 2341 1772 2388 captam
1801 2334 1984 2374 evertisse
2014 2333 2085 2387 (cs.
2113 2334 2229 2375 Dem.
2259 2350 2300 2374 π.
2330 2350 2497 2393 vocemve.
2527 2335 2553 2375 l.
2572 2349 2606 2376 c.
2637 2344 2677 2377 et
2695 2335 2839 2391 p.451.
2871 2337 2920 2377 de

789 2405 980 2446 Cherson.
1011 2419 1050 2458 p.
1061 2404 1163 2456 99.).
1221 2404 1327 2443 Hinc
1366 2402 1655 2453 concludimus,
1693 2402 1761 2443 illa
1797 2401 1875 2442 duo
1911 2401 2063 2456 proelia
2098 2410 2241 2443 aestate
2280 2416 2313 2442 a.
2329 2400 2411 2443 348
2441 2376 2646 2444 commus
2675 2417 2773 2454 esse,
2802 2403 2922 2460 igitur

789 2472 904 2512 initio
940 2472 1029 2512 anni
1059 2470 1275 2525 Theophili
1304 2470 1426 2510 Arch.
1458 2469 1524 2510 Ol.
1541 2470 1688 2520 108.1,
1723 2469 1802 2519 vel,
1838 2469 1880 2509 id
1914 2470 2019 2522 quod
2050 2484 2071 2510 e
2099 2469 2274 2510 Diodori
2303 2470 2518 2511 rationibus
2544 2484 2698 2511 smere
2727 2471 2822 2511 licet
2849 2472 2920 2523 (ef.

790 2538 960 2579 Weiske
988 2538 1059 2577 111.
1088 2554 1126 2578 n.
1135 2537 1226 2591 34),
1262 2547 1432 2579 extrema
1468 2547 1578 2591 parte
1615 2536 1682 2578 01.
1699 2535 1782 2577 10'7
1785 2566 1795 2575 .
1804 2535 1844 2575 4.
1881 2535 2087 2589 'Sequitur
2111 2546 2322 2578 auctumno
2350 2538 2517 2592 impetus
2545 2539 2587 2590 in
2616 2539 2833 2593 Olynthum
2861 2539 2920 2578 fa-

790 2614 874 2646 ctus
903 2613 1017 2658 atque
1047 2604 1234 2656 obsessio,
1270 2605 1339 2645 ubi
1367 2605 1580 2646 fortissime
1610 2619 1652 2646 se
1682 2603 1944 2645 defenderunt
1972 2603 2170 2659 Olynthii;
2207 2603 2337 2645 hieme
2366 2619 2411 2646 ea
2439 2619 2536 2659 quae
2558 2607 2732 2662 'egerunt
2759 2606 2816 2645 illi
2844 2606 2922 2646 viri

788 2672 896 2714 urbis
926 2671 1122 2727 principes
1151 2672 1291 2714 sensim
1319 2672 1360 2713 in
1387 2671 1561 2727 Philippi
1590 2670 1843 2713 commodum
1860 2670 1987 2721 ,νει-εἰ,
2016 2671 2068 2712 ita
2094 2679 2139 2712 ut
2166 2671 2260 2713 *iere
2288 2670 2448 2714 ineunte
2475 2687 2509 2714 a.
2528 2671 2612 2714 34¹7
2633 2671 2830 2726 Olynthus
2855 2686 2919 2712 ca-

787 2750 855 2795 pta
891 2748 933 2782 et
966 2739 1094 2779 diruta
1128 2740 1190 2780 sit.
1249 2739 1343 2790 Quo
1371 2740 1473 2781 facto
1501 2739 1705 2794 Philippus
1736 2752 1783 2780 ex
1810 2735 1952 2792 praeda
1982 2746 2023 2779 et
2050 2737 2190 2779 intulis
2225 2737 2296 2779 sub
2324 2738 2430 2780 hasta
2457 2739 2626 2781 venditis
2654 2737 2812 2779 multam
2840 2739 2919 2779 vim

785 2808 978 2863 pecuniae
1007 2806 1082 2848 sibi
1112 2807 1364 2861 comparavit,
1398 2820 1471 2860 qua
1499 2807 1546 2846 ad
1575 2806 1722 2848 bellum
1750 2806 1966 2862 gerendum
1995 2806 2032 2847 ei
2061 2820 2160 2860 opus
2189 2804 2278 2865 erae,
2299 2806 2440 2859 (Diod.
2469 2806 2642 2848 XVI-53
2661 2805 2760 2858 fia).
2817 2806 2918 2847 Item

785 2873 951 2918 Clinton
986 2874 1032 2916 F.
1063 2873 1171 2916 Heli.
1207 2888 1247 2929 p.
1262 2872 1343 2915 148
1380 2874 1704 2931 expugnationem
1741 2871 1908 2928 Olynthi
1943 2887 2036 2916 vere
2073 2886 2106 2915 a.
2122 2871 2205 2916 347
2232 2873 2376 2929 posuit.
2438 2873 2555 2916 Haud
2582 2872 2707 2917 multo
2734 2881 2826 2928 post
2853 2889 2917 2916 ca-

785 2951 890 2999 ptam
920 2941 1139 2999 Olynthum
1164 2936 1365 2991 Ὀλύμπια
1393 2942 1492 2995 (non
1518 2940 1568 2984 τὰ
1592 2936 1792 2991 Ὀλύμπια
1821 2939 1916 2983 dixit
1942 2940 2164 2997 Diodorus)
2191 2940 2358 2985 instituit
2384 2940 2601 2997 Philippus,
2629 2939 2918 2997 insigniam„

786 3011 874 3051 Diis
902 3010 1061 3061 faciens,
1091 3024 1185 3052 vere
1211 3018 1276 3051 aut
1304 3017 1447 3051 aestate
1477 3022 1509 3050 a.
1528 3010 1624 3062 347,
1654 3010 1695 3050 id
1725 3008 1834 3065 quod
1862 3007 2013 3050 solebat
2039 3022 2156 3066 agere
2183 3009 2352 3052 victoria
2379 3017 2491 3065 parta
2518 3008 2628 3062 (vide
2649 3008 2760 3051 locos
2780 3008 2916 3053 citatos

784 3091 847 3133 ap.
880 3076 1056 3117 Clinton.
1086 3078 1188 3131 l.l.).

841 3148 937 3201 (¹³⁹)
980 3148 1123 3188 Aesch.
1152 3145 1234 3206 περὶ
1262 3144 1419 3207 πρυ-Β(
1438 3149 1634 3203 p.45.42:
1671 3147 1759 3188 ἀλλ’
1796 3149 1834 3187 s’v
1862 3150 1909 3199 τῇ
1935 3147 2033 3201 αὐτῇ·
2059 3145 2177 3204 ἡμέρᾳ
2205 3143 2292 3203 περί
2314 3161 2356 3184 τε
2384 3149 2452 3194 τῆς
2480 3142 2619 3205 εἰρήνης
2647 3144 2915 3191 ἐβουλεύεσθε

784 3214 846 3257 καὶ
875 3219 943 3265 τῆς
971 3216 1174 3262 ἐπιστολῆς
1202 3212 1358 3264 ἠκούετε
1384 3219 1451 3265 τῆς
1478 3213 1689 3274 Προξένου,
1726 3211 1780 3257 ὅτι
1808 3218 1949 3258 Φωκεῖς
1979 3214 2020 3255 οὔ
2049 3208 2367 3271 παραδεδώκασιν
2395 3212 2502 3266 αὐτῷ
2527 3213 2578 3254 τά
2605 3212 2753 3272 χωρία,
2789 3211 2855 3256 καὶ
2884 3216 2916 3255 οἵ
