3375 4043
1806 149 1843 206 2

756 278 1020 345 (Quinctil.
1049 280 1204 328 instit.
1234 288 1360 328 orat.
1389 276 1508 327 ΧΠ.
1537 279 1582 327 1.
1610 276 1658 346 ἓ.
1675 276 1769 342 3.).
1837 273 1967 324 Nam
2004 276 2090 344 qui
2122 273 2173 324 id
2203 285 2403 325 censent
2428 278 2524 344 ipsi
2551 294 2602 327 se
2630 277 2882 337 refellunt,

755 382 866 415 cum
894 362 1216 426 Aeschinem,
1249 363 1573 434 Hyperidem,
1604 358 1881 412 Demadem
1908 360 2152 429 aliosque,
2193 377 2318 429 quos
2346 359 2619 411 secundum
2647 362 2888 432 eloquen-

753 452 851 500 tiae
884 448 1055 500 locum
1090 461 1259 499 tenere
1292 448 1608 518 profitentur,
1647 446 1873 496 homines
1900 448 2215 516 pravissimos
2242 447 2516 496 nominant.
2565 445 2647 495 An
2672 436 2889 498 statuere

752 538 834 586 isti
867 536 1047 596 velint,
1095 546 1318 585 veterum
1360 545 1636 594 oratorum,
1685 534 1771 600 qui
1814 531 1878 582 de
1915 534 2197 601 principatu
2230 549 2330 582 una
2365 529 2753 594 contenderunt,
2802 550 2889 584 eos

756 638 861 671 esse
895 621 1295 688 praestantiores,
1337 631 1525 687 quanto
1559 620 1737 668 virtute
1773 616 1907 668 civili
1940 615 2328 684 praestitissent?
2381 615 2488 666 Nec
2525 613 2891 679 Quinctilianus

755 704 903 770 (ibid.
938 705 987 773 g.
1009 704 1115 770 15.)
1154 702 1393 754 Cicerove
1436 720 1528 752 nec
1572 704 1658 771 qui
1701 699 1762 750 de
1796 703 1896 751 vita
1928 698 2283 750 Demosthenis
2321 712 2655 769 exposuerunt
2689 700 2768 751 vel
2802 704 2891 770 qui

755 789 1017 857 singularia
1052 787 1295 856 quaedam
1330 788 1602 837 attulerunt
1627 785 1722 834 alia
1746 795 1962 852 agentes,
2001 785 2116 833 satis
2139 785 2371 851 apposite
2399 783 2462 836 ad
2488 784 2891 853 persuadendum

756 889 987 925 excusare
1020 872 1299 932 valuerunt,
1340 887 1468 939 quae
1501 869 1820 931 Idomeneus,
1861 869 2158 919 Demetrius
2179 865 2453 917 Phalereus
2485 869 2669 938 alii-que
2704 873 2759 919 in
2790 873 2890 921 vita

750 957 1021 1018 Plutarchi,
1059 956 1141 1006 vel
1169 956 1429 1027 Polybius,
1470 958 1557 1026 qui
1592 957 1902 1026 temporibus
1931 954 2284 1005 Demosthenis
2317 956 2533 1024 proximi
2561 956 2802 1017 vixerant,
2842 960 2890 1006 ei

753 1043 1134 1111 exprobrarunt.

944 1124 1076 1190 Quia
1123 1129 1256 1177 enim
1300 1125 1656 1186 Demosthenis
1706 1143 1834 1195 quae
1883 1143 2139 1194 nunquam
2364 1127 2400 1176 t
2442 1127 2620 1176 mentis
2664 1126 2886 1194 agitatio·

752 1230 866 1263 nem
900 1211 1141 1273 videmus,
1190 1211 1495 1281 assiduisque
1537 1212 1793 1261 laboribus
1829 1221 2144 1280 occupatum,
2189 1140 2438 1263 mas
2471 1214 2688 1262 rationes
2724 1214 2888 1280 inqui·

753 1310 908 1358 reret,
956 1299 1137 1366 quibus
1179 1300 1310 1348 cives
1352 1315 1468 1348 suos
1504 1314 1535 1347 e
1549 1301 1552 1305 ’
1566 1308 1774 1348 veterno
1810 1298 2130 1347 exsuscitaret
2164 1307 2217 1346 et
2248 1298 2500 1365 instigaret
2533 1296 2594 1347 ad
2630 1296 2890 1347 nitendum

756 1402 945 1434 summa
989 1400 1114 1452 ope,
1163 1400 1226 1433 ne
1271 1381 1393 1452 quid
1438 1381 1723 1433 detrimenti
1766 1401 1794 1433 e
1837 1381 2024 1433 desidia
2071 1399 2252 1445 eorum¹
2287 1382 2593 1452 reipublicae
2639 1385 2887 1446 eveniret3

755 1480 929 1519 contra
963 1485 1087 1518 vero
1118 1468 1418 1518 Aeschinem
1460 1471 1592 1519 cives
1630 1478 1891 1536 paeantem
1928 1485 1987 1518 ac
2019 1468 2332 1527 monentem,
2377 1483 2442 1516 ne
2476 1484 2663 1516 novum
2697 1468 2889 1516 bellum

753 1555 1020 1604 subeuntes
1068 1570 1275 1620 prorsus
1319 1551 1679 1620 rempublicam
1726 1562 2027 1611 everterent,
2083 1565 2223 1616 ergo¹
2248 1545 2464 1598 desidiae
2508 1547 2888 1600 Atheniensium

749 1638 1167 1707 patrocinantem:
1200 1635 1566 1698 Demosthenes
1592 1639 1799 1696 animos,
1830 1651 2070 1696 amorem,
2099 1633 2222 1702 quin
2246 1632 2482 1701 pietatem
2507 1633 2719 1702 amplius
2741 1654 2888 1703 quam

747 1720 1021 1769 Aeschines
1048 1724 1199 1786 capit,
1235 1732 1585 1786 praeterquam
1621 1718 1760 1784 quod
1794 1721 1977 1784 ingenii
2009 1718 2196 1766 viribus
2230 1728 2281 1764 et
2311 1716 2554 1784 loquendi
2581 1731 2684 1767 arte
2714 1738 2888 1769 omnes

751 1807 1019 1873 ipsumque
1053 1802 1353 1851 Aeschinem
1388 1802 1643 1870 relinquit.
1701 1801 1831 1851 Sunt
1863 1801 1988 1850 haec
2021 1819 2110 1850 cur
2142 1800 2368 1851 rhetores
2402 1805 2628 1864 seriores,
2670 1807 2754 1871 qui
2782 1805 2886 1854 De·

753 1888 1025 1938 mosthenis
1061 1888 1348 1956 eloquentia
1384 1885 1564 1936 eruditi
1595 1902 1767 1935 omnes
1799 1889 1965 1935 omnia
1996 1886 2114 1937 huic
2145 1884 2348 1947 debent,
2388 1889 2441 1935 in
2468 1889 2618 1937 verba
2650 1892 2883 1957 magistri,

752 1985 809 2024 ut
842 1976 909 2023 ita
943 1971 1121 2033 dicam,
1171 1973 1458 2032 iuraverint,
1504 1979 1654 2038 atque
1689 1972 1742 2019 in
1777 1986 1835 2019 ea
1870 1986 1998 2039 quae
2034 1972 2086 2019 in
2120 1972 2375 2020 inimicum
2409 1971 2545 2021 fecit.
2609 1972 2735 2023 Inde
2768 1990 2886 2042 pro·

754 2058 953 2110 dierunt
986 2060 1106 2109 istae
1135 2058 1531 2126 comparationes
1555 2054 1910 2106 Demosthenis
1943 2066 1992 2106 et
2018 2054 2277 2106 Aeschinis
2311 2054 2619 2130 (συγκρίσεις)
2647 2057 2886 2109 Libanio·

752 2163 881 2205 rum,
918 2143 1263 2202 Nicolaorum,
1301 2141 1531 2202 aliorum,
1569 2143 1619 2190 in
1655 2142 1838 2209 quibus
1869 2141 1997 2190 fama
2032 2140 2262 2209 factaque
2288 2141 2547 2191 Aeschinis
2582 2143 2728 2192 nimis
2764 2160 2884 2193 con-

753 2229 882 2278 fecta
918 2239 1033 2277 sunt
1069 2227 1165 2293 (³).
1228 2225 1468 2277 Nostrum
1511 2227 1657 2293 igitur
1702 2227 1820 2287 erit,
1869 2236 1925 2275 ut
1968 2227 2133 2275 mitius
2177 2228 2219 2275 si
2259 2225 2392 2275 sorte
2431 2224 2495 2275 de
2537 2243 2599 2275 eo
2642 2226 2889 2278 iudicetur

751 2311 967 2364 studere.
1499 2302 1503 2304 “

939 2398 1101 2448 Huius
1140 2401 1291 2466 igitur
1331 2399 1542 2448 instimti
1583 2400 1669 2465 qui
1712 2397 1861 2449 nobis
1895 2399 2147 2447 materiam
2180 2397 2449 2465 praebeant
2483 2396 2613 2448 duos
2646 2398 2887 2449 habemus

752 2483 942 2542 fontes,
990 2482 1196 2533 alterum
1245 2483 1334 2549 qui
1352 2498 1438 2531 vex
1478 2483 1630 2549 ipsius
1672 2492 1927 2531 oratorum
1970 2484 2101 2549 paris
2145 2482 2453 2532 orationibus
2493 2481 2626 2544 fluit,
2676 2482 2885 2533 alterum

751 2584 950 2635 paroem
996 2564 1198 2633 quidem
1238 2565 1326 2619 sed
1367 2568 1420 2617 in
1459 2566 1654 2636 reliqua
1696 2567 1905 2635 penuria
1945 2568 2106 2634 magni
2143 2564 2418 2616 faciendam
2454 2568 2885 2635 grammaticorum

752 2663 803 2700 et
846 2651 1104 2699 rhetorum
1148 2649 1523 2718 supellectilem.
1590 2652 1787 2701 Horum
1829 2651 2108 2718 principem
2148 2653 2256 2699 sine
2299 2649 2454 2700 dubio
2500 2652 2668 2701 locum
2712 2663 2885 2701 tenere

750 2734 948 2787 videtur
983 2734 1312 2784 Philostratus
1352 2737 1406 2784 in
1443 2739 1541 2786 vita
1583 2736 1916 2805 sophistarum
1948 2734 2247 2785 Aeschinem
2286 2747 2522 2799 tractans,
2567 2740 2647 2787 cui
2684 2748 2735 2787 et
2769 2737 2883 2806 plu-

749 2826 871 2872 rima
901 2820 1141 2871 debemus
1170 2837 1336 2888 neque
1365 2838 1425 2870 ex
1452 2818 1624 2871 iisdem
1652 2821 1801 2872 ducta
1829 2820 2015 2883 rivulis,
2054 2818 2188 2872 unde
2213 2820 2394 2891 reliqui
2419 2822 2704 2873 hauserunt.
2747 2821 2881 2885 Qua-

749 2907 822 2956 les
858 2918 973 2956 sunt
1006 2905 1248 2966 Photius5'
1290 2908 1377 2974 qui
1418 2907 1470 2955 in
1511 2906 1816 2958 bibliotheca
1852 2904 1967 2956 cod.
1990 2907 2090 2956 264
2127 2904 2302 2958 iisdem
2339 2906 2444 2957 fere
2479 2909 2644 2958 verbis
2680 2906 2880 2957 eodem-

805 3094 875 3149 (³)
916 3096 1042 3136 Erant
1069 3095 1371 3140 declamationes
1400 3096 1443 3138 in
1470 3095 1614 3140 scholis
1641 3096 1854 3140 habendae.
1898 3096 2000 3137 Vide
2029 3097 2079 3137 de
2108 3083 2283 3143 μελέταιὲ
2309 3095 2512 3137 rhetorum
2532 3096 2668 3136 Wolf.
2696 3097 2810 3150 proll.
2838 3096 2878 3135 in

752 3170 847 3202 orat.
876 3161 1035 3216 Leptin.
1057 3177 1094 3216 p.
1104 3172 1227 3201 xxxx&
1259 3170 1300 3203 et
1328 3162 1424 3203 alios
1453 3176 1514 3216 ap.
1535 3164 1760 3205 Weiskium
1790 3162 1815 3201 l.
1833 3162 1858 3202 l.
1875 3161 1905 3200 1.
1928 3176 1965 3215 p.
1977 3162 2043 3202 51.
2064 3163 2206 3202 n.112.
