3375 4043
1429 246 1506 305 49

411 394 568 429 sacras
610 373 830 427 inducias
872 378 1111 448 mysteriis
1132 421 1134 423 .
1157 375 1464 428 celebrandis
1506 376 1921 455 pronuntiabant,
1975 375 2281 429 audiverunt.
2352 377 2533 450 Neque

409 460 810 513 Lacedaemoniis
846 479 901 512 ea
935 462 1287 531 permiserunt,
1321 462 1412 529 'qui
1440 462 1620 512 auxilio
1649 480 1677 513 a
1702 460 2048 515 Phocensibus
2081 464 2244 511 vocati
2278 464 2413 514 mille
2443 464 2529 514 ha-

409 556 561 597 statos
594 564 708 615 rege
740 544 1042 598 Archidamo
1083 541 1209 595 duce
1251 542 1314 594 ad
1351 544 1532 596 tuenda
1568 547 1653 598 illa
1692 557 1893 616 paratos
1927 544 2180 595 habebant
2211 546 2352 610 (¹⁹⁰).
2404 547 2529 597 Fue-

407 642 517 682 rant
550 630 690 694 haec,
728 650 844 682 cum
867 627 1120 682 Eleusinia
1155 632 1382 699 mysteria
1401 631 1549 682 inter-²
1577 629 1661 683 dd.
1682 632 1745 682 15
1772 642 1823 682 et
1850 630 1915 680 24
1935 627 2320 680 Boedromionis
2355 632 2533 680 mensis

408 717 802 784 celebrabantur,
841 731 930 765 sex·
958 722 1011 765 et
1037 717 1181 766 semis
1210 717 1461 767 mensibus
1494 728 1605 768 ante
1641 734 1792 787 quam
1825 716 1975 785 legati
2003 716 2209 767 alteram
2235 715 2534 785 legationem

407 811 774 872 susceperunt.»
807 797 932 860 Inde
962 798 1288 853 Athenienses
1325 818 1499 872 pacem
1535 820 1649 854 cum
1682 801 1922 872 Philippo
1960 811 2157 870 agentes
2192 799 2534 851 Phocensibus

408 883 694 936 adiuvandis
732 885 1064 948 abstinebant,
1111 905 1177 938 ne
1210 889 1485 956 pertinaces
1519 890 1641 938 socii
1675 886 1961 938 viderentur
1994 887 2349 956 sacrilegorum·
2382 888 2531 951 (¹⁹¹);

394 972 532 1039 quin
550 1013 554 1016 .
571 971 716 1020 etiam
751 980 996 1021 cesserant
1027 971 1293 1040 Antipatro
1326 981 1434 1023 tum
1466 970 1739 1040 profitenti,
1784 970 2075 1041 Philippum
2107 970 2390 1023 Phocenses
2423 972 2531 1023 foe-

408 1051 525 1105 dere
559 1071 671 1105 non.
696 1066 1015 1126 excepturum
1050 1072 1157 1107 esse
1192 1052 1553 1107 Thebanorum
1581 1057 1738 1124 *gratia
1771 1072 1828 1106 ac
1859 1055 2239 1110 Thessalorum..
2286 1055 2406 1107 Non
2441 1060 2528 1127 igi-

405 1150 487 1189 tur
519 1139 616 1190 soli
646 1139 1022 1192 Atheniensium
1056 1141 1109 1190 in
1142 1138 1504 1190 Macedoniam
1519 1139 1667 1208 legati
1700 1138 1788 1189 sed
1823 1141 1969 1189 etiam
2003 1157 2174 1190 omnes
2205 1140 2530 1192 Athenienses

407 1222 720 1275 confidenter<
750 1225 1130 1295 exspectabant,
1172 1222 1466 1294 Philippum
1503 1224 1786 1294 superbiam
1820 1222 2177 1275 Thebanorum
2210 1237 2530 1276 contusurum

406 1326 546 1358 esse..
593 1307 719 1358 Inde
759 1311 1040 1359 inimicitiae
1079 1308 1353 1377 legatorum
1387 1307 1767 1360 Atheniensium
1807 1321 1857 1359 et
1891 1308 2247 1360 Thebanomm
2289 1313 2529 1380 imprimis

404 1392 665 1441 Aeschinis
698 1395 750 1440 in
782 1393 1079 1442 Macedonia
1101 1396 1279 1443 'verbis
1314 1396 1525 1443 invicem
1540 1397 1742 1461 augeri,
1788 1397 1984 1462 ipsique
2019 1395 2532 1443 Lacedaemoniorum

405 1477 550 1545 legati
579 1477 753 1539 verbis·
770 1476 841 1526 ibi
868 1475 1217 1527 ianhebanos
1244 1479 1425 1528 invecti
1450 1476 1653 1547 publice
1679 1476 1906 1527 altercari
1931 1495 1988 1527 ac
2015 1480 2190 1527 minari
2219 1478 2359 1543 (¹⁹2).
2397 1476 2533 1528 Dum

403 1563 527 1611 haec
558 1572 812 1629 geruntur,
850 1579 941 1610 rex
960 1561 1244 1630 Philippus,
1284 1572 1440 1629 quum
1473 1562 1622 1631 legati
1656 1579 1717 1611 ex
1740 1562 1981 1611 omnibus
2015 1563 2120 1612 fere
2149 1562 2387 1612 Graeciae
2415 1567 2531 1613 civi-

403 1649 584 1697 tatibus
617 1644 809 1694 Pellam
844 1648 1206 1707 convenissent,
1246 1644 1334 1694 diu
1366 1645 1627 1708 haesitans,
1668 1664 1817 1716 quam
1850 1664 1910 1696 ex
1944 1648 2020 1696 his
2046 1650 2322 1697 civitatibus
2350 1652 2529 1698 arctius

405 1733 501 1780 sibi
542 1732 841 1799 coniungere
886 1728 1156 1799 expediret,
1205 1730 1333 1779 nulli
1373 1729 1572 1793 cedens,
1614 1747 1758 1780 suam
1792 1734 2134 1781 auctoritatem
2168 1742 2342 1782 tenens
2378 1743 2527 1801 atque

405 1814 724 1885 amplificans,
765 1816 933 1883 quiete
966 1822 1234 1880 exspectat,
1273 1828 1424 1880 quem
1456 1816 1641 1863 exitum
1672 1814 1914 1864 haberent
1945 1815 2058 1876 hae,
2099 1832 2219 1883 quas
2250 1816 2399 1883 legati
2434 1834 2526 1885 pu-

403 1900 535 1951 blice
577 1899 821 1959 serebant,
850 1897 1120 1948 scivitatum
1164 1897 1448 1946 inimicitiae
1495 1906 1548 1947 et
1589 1895 1949 1948 altercationes.
2014 1898 2191 1966 Itaque
2234 1915 2327 1949 nec
2368 1903 2533 1968 potuit

403 1986 541 2037 illico
568 1996 655 2036 res
690 1982 839 2053 plane
874 1979 1103 2033 decidere
1138 1996 1232 2032 nec
1266 1978 1497 2032 debebat.
1552 1979 1679 2031 Inde
1711 1983 1919 2031 maxima
1952 1985 2081 2051 regis
2116 1985 2320 2035 comitas
2347 2002 2405 2036 ac
2432 1985 2531 2037 cle-

404 2073 588 2122 mentia
615 2087 725 2138 erga
754 2068 1127 2119 Atheniensium
1157 2065 1343 2134 legatos
1369 2065 1570 2136 publice
1596 2064 1835 2134 praelata,
1874 2077 1930 2117 ut
1955 2065 2162 2129 videret,
2199 2069 2370 2138 quales
2394 2070 2529 2122 The·

404 2158 522 2207 bani
548 2173 600 2206 se
629 2164 879 2223 gererent3
913 2150 1029 2202 inde
1059 2149 1254 2218 occulta
1281 2152 1407 2219 regis
1432 2148 1629 2212 indicia,
1660 2161 1846 2219 quanto
1872 2150 1987 2220 plus
2005 2155 2152 2203 etiam
2170 2154 2529 2207 beneficiorum

403 2239 787 2291 Atheniensibus
817 2238 1037 2287 tribuere
1062 2235 1239 2298 vellet3
1277 2233 1393 2285 inde
1427 2237 1707 2305 perspicere
1740 2235 1878 2298 licet,
1917 2255 2006 2286 cur
2039 2237 2379 2289 iusiurandum
2409 2260 2528 2310 pro·

405 2326 611 2383 duxerit,
638 2342 727 2374 cur
751 2323 938 2391 legatos
959 2320 1334 2372 Atheniensium
1363 2319 1546 2371 diutius
1573 2323 1852 2394 retinuerit:
1893 2322 2080 2395 scilicet
2105 2326 2368 2375 amicitiam
2392 2344 2530 2377 suam

405 2429 519 2462 cum
549 2408 943 2460 Atheniensibus
969 2417 1217 2458 ostentare
1248 2405 1424 2469 voluit,
1464 2404 1515 2455 id
1545 2423 1766 2474 quoque,
1806 2409 2005 2475 opinor,
2046 2407 2265 2470 studens,
2305 2421 2361 2459 ut
2390 2409 2525 2463 Pho-

405 2513 573 2547 censes
616 2495 825 2544 cuiusvis
866 2494 1074 2543 civitatis
1118 2491 1283 2541 auxilii
1323 2508 1412 2561 spe
1454 2493 1629 2561 privati
1669 2492 1831 2541 minus
1874 2494 2051 2541 acriter
2092 2494 2187 2541 sibi
2221 2496 2522 2546 resisterent.

399 2582 454 2632 N
456 2599 512 2631 ec
536 2581 738 2630 frustra:
768 2579 915 2648 legati
932 2578 1290 2639 Thebanorum
1307 2588 1562 2646 postremo
1583 2576 1774 2626 confusi
1791 2577 2050 2645 timidique
2068 2581 2292 2629 visisunt
2317 2582 2523 2646 (Aesch.

405 2687 453 2716 π.
479 2658 647 2741 πετο-Β.
672 2683 724 2735 p.
743 2665 824 2714 46.
845 2653 1308 2737 12),'Euboeenses
1341 2661 1655 2714 vehementer
1679 2660 1973 2714 laborabant
2002 2665 2309 2735 suspicantes
2336 2665 2446 2717 sore
2473 2679 2529 2718 ut

403 2771 491 2805 rex
526 2750 819 2823 Amphipoli
861 2751 924 2801 ab
959 2750 1344 2820 Atheniensibus
1386 2766 1615 2801 concessa
1654 2748 1914 2800 Euboeam
1955 2749 2167 2804 insulam
2211 2753 2269 2802 iis
2312 2753 2527 2804 traderet

405 2839 608 2905 (Aesch.
636 2839 672 2889 l.
692 2837 728 2888 l.
755 2855 807 2906 p.
825 2838 889 2886 44
917 2838 988 2893 in.
1026 2835 1176 2888 Dem.
1209 2855 1257 2886 π.
1283 2854 1478 2910 vagas-3.
1506 2835 1672 2905 p.348
1698 2836 1815 2900 in.).
1880 2833 1995 2886 Soli
2029 2835 2263 2889 Thessali
2295 2838 2524 2890 fiduciam

415 3016 431 3031 ,-
459 2983 554 3038 (¹⁹⁰)
596 2985 738 3027 Aesch.
773 2979 854 3040 περὶ
881 2977 1025 3039 προ-β.
1047 2982 1177 3037 .p.45.
1194 2982 1355 3036 23 sqq.
1384 2997 1503 3037 usque
1531 2982 1578 3022 ad
1605 2996 1643 3035 p.
1660 2979 1727 3022 46.
1741 2981 1782 3022 3.
1814 2982 1865 3024 cf.
1894 2983 2019 3025 Diod.
2050 2985 2155 3024 XVI.
2166 2984 2232 3024 59.
2262 2984 2421 3025 Pausan.
2450 2985 2522 3024 111.

403 3050 470 3090 10.
500 3051 551 3092 cf.
578 3052 725 3094 1v.28.
1840 3109 1845 3112 Α

459 3127 554 3181 (¹⁹¹)
595 3130 853 3174 Athenienses
888 3130 1039 3185 culpam
1072 3129 1115 3170 in
1148 3142 1190 3170 se
1225 3128 1481 3181 admiserant,
1516 3128 1618 3183 quod
1655 3141 1738 3169 non
1765 3127 2028 3171 abstinuerant
2054 3128 2241 3184 Delphici
2268 3131 2407 3185 templi
2435 3133 2520 3185 opi-

404 3197 494 3245 bus;
530 3199 675 3240 etenim
708 3198 958 3242 mercenariis
994 3196 1134 3239 anxilio
1168 3197 1291 3240 missis
1328 3197 1371 3237 in
1397 3196 1611 3241 Phocidem
1644 3195 1882 3250 stipendium
1908 3205 2064 3252 praeter
2092 3198 2412 3241 consuetudinem
2441 3213 2520 3239 ma-

404 3278 521 3320 gnum
549 3273 794 3318 acceperunt.
823 3266 943 3308 Diod.
973 3265 1080 3306 XVI.
1097 3264 1164 3306 57.
1277 3261 1371 3316 (¹⁹²)
1414 3264 1556 3307 Aesch.
1585 3257 1664 3320 περὶ
1693 3259 1837 3320 τρια-β.
1866 3279 1906 3319 p.
1924 3264 1990 3306 46.
2007 3265 2033 3305 7
2053 3279 2137 3318 sqq.

2095 3334 2144 3383 G
