3375 4043
1804 166 1842 223 8

755 296 962 366 probrat
998 293 1262 348 maledicta
1297 310 1359 348 ex
1391 297 1539 349 trivio
1576 296 1813 365 arripiens
1845 295 1961 362 (²¹).
2022 292 2312 347 Rectissime
2348 308 2549 360 mones,
2596 300 2665 349 mi
2696 296 2884 350 Demo·

754 379 980 441 sthenes3
1028 379 1303 432 Aeschines
1344 398 1525 451 nempe
1567 377 1628 431 ad
1671 380 1858 430 maiora
1892 378 2200 450 melioraque
2237 377 2423 449 agenda
2456 390 2601 432 natus
2634 394 2758 435 erat.
2812 382 2888 433 Ac

751 466 872 516 licet
905 469 1107 516 nonnisi
1140 469 1309 517 tertias
1346 469 1523 535 egerit,
1562 477 1726 515 tamen
1739 501 1753 525 ‚
1801 476 2149 535 praeterquam
2186 464 2324 535 quod
2362 464 2478 516 inde
2511 465 2728 518 hahebat
2761 485 2887 537 quae

757 551 819 600 ad
854 550 1123 601 vivendum
1159 563 1274 601 sunt
1307 553 1578 601 necessaria
1613 550 1728 615 (²²),
1778 567 1893 598 cum
1926 561 2102 620 postea
2136 561 2306 601 orator
2339 550 2565 621 publicas
2598 567 2679 600 res
2703 561 2888 602 -u-acta·

753 638 866 698 bat,
914 640 1152 685 maximae
1187 637 1388 685 utilitati
1424 639 1470 685 ei
1504 647 1608 685 erat
1651 632 1897 704 quidquid
1939 634 2057 683 inde
2099 636 2195 683 sibi
2235 648 2517 711 paraverat,
2564 647 2719 685 artem
2751 640 2889 685 vocis

754 721 1046 783 flectendae,
1087 738 1238 771 sonos
1272 732 1379 770 tum
1414 718 1704 769 intendendi
1737 729 1845 766 tum
1879 717 2182 778 remittendi,
2229 721 2349 767 item
2385 723 2633 790 egregium
2666 721 2889 769 habitum

756 809 1001 873 corporis,
1048 804 1441 854 moderationem
1476 806 1611 853 vocis
1655 813 1705 851 et
1746 804 1971 871 corporis
2015 801 2078 850 ad
2120 817 2286 851 rerum
2320 805 2689 873 verborumque
2731 804 2888 874 digni·

750 899 904 938 tatem
936 889 1259 955 aptissimam:
1300 903 1423 955 quas
1457 888 1589 955 ipsas
1625 888 1864 935 oratorias
1895 888 2100 936 virtutes
2134 884 2369 934 Aeschini
2403 885 2572 947 fuisse,
2610 889 2890 957 saepissime

751 987 886 1021 suam
921 971 983 1021 ab
1020 969 1119 1021 illis
1153 971 1377 1040 inopiam
1411 980 1597 1023 testans
1633 969 1900 1024 confitetur
1939 972 2085 1022 nimis
2125 967 2395 1021 invidiosus
2431 967 2735 1022 adversarius
2769 973 2884 1038 (²³).

1757 1129 1809 1194 g.
1835 1128 1884 1175 4.

939 1227 1121 1279 Postea
1165 1230 1315 1297 igitur
1358 1228 1559 1278 demum
1605 1245 1754 1297 qnam
1796 1230 1955 1297 prima
2000 1226 2245 1297 stipendia
2288 1227 2432 1289 fecit,
2479 1228 2668 1279 scribae
2711 1245 2888 1278 munus

753 1316 959 1362 subiisse
994 1313 1207 1375 videtur,
1255 1312 1394 1382 quod
1427 1312 1797 1364 Demosthenes
1836 1313 2023 1363 factum
2065 1330 2170 1363 esse
2212 1324 2569 1364 commemorat
2602 1311 2740 1363 illico
2774 1324 2890 1382 post

753 1399 1139 1468 adscriptionem
1173 1399 1279 1448 eius
1314 1401 1443 1449 inter
1480 1401 1628 1461 cives,
1667 1398 1762 1449 hos
1794 1398 1999 1449 militiae
2034 1414 2190 1449 annos
2223 1389 2637 1467 praetermittens.
2690 1398 2887 1449 Demo-

752 1483 951 1532 sthenes
976 1498 1124 1551 saepe
1151 1483 1431 1551 opprobrio
1455 1484 1620 1542 vertit,
1660 1482 1748 1532 tali
1782 1497 1986 1532 munere
2014 1482 2239 1531 functum
2265 1497 2371 1531 esse
2396 1481 2510 1542 (²⁴).
2558 1480 2798 1546 Princeps
2824 1479 2886 1529 de

750 1568 848 1616 hoc
885 1568 1026 1616 locus
1063 1578 1136 1615 est
1169 1564 1267 1636 περὶ
1292 1559 1588 1636 παραπρεσβ.
1618 1584 1673 1633 p.
1692 1568 1819 1614 419:
1858 1557 2329 1634 ὑπογραμματεύοντες
2359 1558 2407 1624 ἃ
2441 1557 2557 1610 οὗτοι
2590 1562 2884 1628 (Aeschines

749 1661 797 1700 et
831 1650 1005 1716 frater)
1044 1646 1118 1698 καὶ
1150 1648 1460 1721 ὑπηρετοῦντες
1495 1642 1696 1700 ἁπάσαις
1732 1649 1829 1699 ταῖς
1869 1648 2037 1719 ἀρχαῖς
2072 1640 2273 1719 ἀργύριον
2316 1639 2577 1712 εἰλήφεσαν,
2620 1644 2695 1696 καὶ
2728 1644 2777 1696 τὸ
2813 1666 2884 1696 τε-

747 1738 945 1783 λευταῖον
987 1735 1070 1797 ὑφ’
1106 1733 1228 1792 ὑμῶν
1262 1736 1543 1804 γραμματεῖς
1584 1726 1971 1803 χειροτονηθέντες
2012 1724 2080 1778 &5³
2120 1724 2193 1786 ἔτη
2235 1725 2532 1803 διετράφησαν
2572 1732 2613 1780 ἓν
2654 1732 2706 1797 τῇ
2740 1727 2885 1796 θόλῳ.

752 1831 803 1869 et
830 1816 954 1868 ibid.
983 1836 1036 1887 p.
1054 1818 1181 1867 442:
1223 1814 1297 1865 καὶ
1329 1812 1419 1889 γὰρ
1455 1808 1513 1865 αὖ
1544 1816 1673 1865 τοῦτο
1704 1845 1758 1855 -
1790 1810 2008 1875 ὡμολόγει
2035 1810 2479 1888 γεγραμματευκέναι
2514 1814 2588 1865 καὶ
2619 1812 2753 1890 χάριν
2787 1819 2885 1878 ὑμῖν

750 1901 872 1968 ἔχειν
907 1904 986 1953 τοῦ
1019 1899 1396 1975 χειροτονηθῆναι.
1456 1899 1750 1950 Persuasum
1793 1901 1939 1950 nobis
1981 1916 2086 1949 esse
2128 1899 2271 1962 licet,
2318 1899 2712 1952 Demosthenem
2751 1902 2885 1953 haud

750 1993 956 2041 nimium
998 1988 1204 2038 honoris
1248 1985 1485 2036 Aeschini
1528 1985 1777 2035 tribuisse.
1844 1982 2101 2034 Addamus
2144 1986 2411 2055 scriptores
2455 1987 2609 2037 vitae:
2662 1986 2883 2039 Pseudo·

749 2075 883 2125 Plut.
917 2078 990 2139 (et
1017 2073 1170 2123 Phot.
1206 2071 1320 2122 cod.
1345 2073 1518 2137 264.):
1559 2071 1616 2122 ὥς
1650 2066 1694 2119 δὲ
1728 2076 1846 2129 Δημ.
1883 2067 2036 2134 φησὶν,
2078 2065 2492 2142 ὑπογραμματεύων
2529 2080 2696 2121 κ.τ.λ.
2730 2072 2880 2123 Phot.

751 2159 866 2209 cod.
890 2161 983 2209 61:
1030 2150 1338 2229 ἐγραμμάτευε
1380 2156 1433 2220 τῇ
1475 2148 1633 2220 βουλῇ.
1684 2153 1989 2223 Apollonius
2028 2153 2183 2206 habet
2216 2153 2383 2205 locum
2417 2153 2568 2206 Dem.
2604 2158 2713 2218 cit.;
2762 2174 2882 2208 ano·

750 2262 954 2313 nymum
982 2245 1110 2293 vitae
1138 2243 1430 2310 scriptorem
1460 2239 1620 2291 solum
1646 2241 1922 2291 invenimus
1949 2249 2153 2290 testem:
2183 2232 2287 2289 ὅντα
2312 2235 2358 2289 ἃ
2381 2234 2707 2313 λαμπρόφωνον
2732 2261 2881 2314 γραμ-

746 2330 969 2390 ματεῧσαι
1009 2327 1328 2400 Ἀριστοφῶντι
1371 2322 1445 2376 καὶ
1489 2321 1604 2385 μετὰ
1647 2320 1798 2374 τοῦτον
1841 2317 2088 2388 Εὐβούλῳ,
2143 2327 2230 2394 qui
2270 2325 2617 2377 verosimiliter
2660 2343 2721 2376 ex
2764 2325 2881 2376 loco

749 2523 845 2563 vatis
875 2521 1085 2570 detrectat,
1111 2519 1389 2561 Demosthenis
1417 2518 1548 2561 verbis
1577 2519 1736 2568 ductus,
1766 2517 1829 2558 hic
1851 2517 1974 2558 'etiam
2002 2519 2104 2559 hunc
2131 2526 2284 2559 secutus
2304 2527 2384 2570 est,
2412 2517 2649 2560 Aeschinem
2667 2518 2880 2559 scribarum

688 2629 694 2632 ,
748 2588 971 2630 muneribus
1000 2594 1089 2628 ante
1118 2585 1291 2627 functum
1318 2601 1401 2629 esse
1430 2600 1546 2641 quam
1574 2585 1776 2628 histrionis
1810 2593 1938 2639 partes
1965 2584 2193 2640 susceperit.

804 2666 882 2722 (²¹)
926 2667 1042 2708 Dem.
1073 2666 1099 2707 1.
1116 2680 1151 2706 c.
1179 2664 1361 2720 229sqq.
1383 2665 1478 2708 270.
1494 2665 1590 2708 288.
1634 2681 1804 2724 παραπρ.
1833 2662 1927 2705 400.
1943 2663 2037 2705 418.
2081 2664 2278 2720 Harpocr.
2306 2681 2336 2707 s.
2353 2681 2389 2707 v.
2416 2659 2671 2724 Ἴσχανδρος·
2700 2663 2880 2723 τραγικὸς

744 2733 949 2793 ὑποκριτὴς
977 2734 995 2774 ὅ
1020 2728 1258 2790 1Ἰο-χοινδρός
1284 2732 1374 2773 ἔστι.
1404 2730 1510 2774 δοκεῖ
1533 2731 1574 2774 δ’
1603 2732 1712 2786 αὐτῷ
1739 2726 2093 2788 πνυποκρινὸμενος
2120 2728 2309 2785 Αἰσχίνης
2338 2733 2356 2772 ὅ
2382 2728 2502 2793 ῥήτωρ
2530 2732 2568 2773 ἐν
2595 2734 2783 2785 Κολλυτῷ
2808 2749 2878 2771 κα-

743 2805 939 2849 ταπεσεῖν,
966 2796 1085 2841 καθά
1115 2809 1212 2853 φησι
1233 2796 1470 2858 Δημοχάρης
1496 2800 1534 2840 ἐν
1560 2803 1636 2844 τοῖς
1663 2794 1882 2852 Διαλόγοις.

800 2880 878 2937 (²²)
923 2897 959 2923 v.
989 2879 1165 2931 Boeckh.
1196 2879 1352 2922 Oecon.
1381 2877 1524 2921 Athen.
1553 2880 1584 2921 1.
1613 2895 1651 2936 p.
1661 2879 1764 2922 133:
1802 2877 1914 2919 Auch
1942 2879 2121 2935 gemeine
2150 2878 2478 2923 herumziehende
2507 2879 2781 2935 Schauspieler

745 2951 879 2991 hatten
907 2949 968 2990 ihr
995 2957 1108 3005 gutes
1136 2946 1413 2990 Auskommen.
2175 2985 2208 3002 v„
2773 2951 2776 2954 '

799 3026 878 3081 (¹³)
921 3043 962 3067 π.
991 3043 1158 3085 παραπρ.
1188 3025 1334 3082 p.422;
1362 3025 1552 3082 imprimis
1580 3026 1710 3082 p.449
1725 3040 1783 3080 sq.
1815 3025 2062 3067 clarissimam
2081 3040 2222 3068 vocem
2251 3026 2394 3081 p.405.
2416 3025 2559 3081 p.408.
2590 3025 2640 3067 cf.
2660 3021 2742 3083 περὶ
2761 3036 2872 3078 οτεφ.

741 3096 887 3150 p.313.
917 3095 1060 3149 p.329.

799 3173 874 3227 (¹⁴)
918 3191 959 3214 π.
990 3189 1158 3231 noceam-9.
1188 3188 1226 3228 p.
1237 3172 1333 3222 371;
1351 3172 1446 3221 4153
1466 3173 1559 3222 4193
1578 3173 1672 3215 442.
1703 3189 1744 3212 π.
1776 3181 1891 3225 cred>-
1920 3187 1959 3227 p.
1970 3172 2064 3221 314;
2084 3171 2177 3221 315;
2197 3171 2291 3221 297;
2310 3172 2404 3213 268.
