3375 4043
1871 206 1946 267 68

832 337 1049 407 stringit:
1089 337 1142 386 in
1176 336 1318 387 nulla
1354 335 1457 388 alia
1485 337 1708 387 oratione
1743 338 1892 387 toties
1928 351 2016 388 seu
2052 335 2190 401 dicit,
2229 350 2281 387 se
2316 335 2554 386 liberiore
2589 351 2818 388 sermone
2849 352 2968 387 um·

831 437 942 473 rum
977 436 1104 485 esse,
1146 437 1236 475 seu
1270 432 1411 492 rogat
1442 432 1498 474 ut
1531 430 1700 490 aperte
1736 436 1794 473 ac
1825 421 1985 475 libere
2019 422 2164 492 loqui
2197 423 2291 475 sibi
2322 422 2469 474 liceat
2495 421 2632 490 (²⁴⁰).
2688 422 2787 475 Per
2811 432 2969 475 totam

833 508 1114 559 orationem
1147 505 1198 558 id
1234 509 1348 575 agit,
1387 516 1443 558 ut
1480 521 1582 566 eos,
1623 505 1711 572 qui
1745 504 2106 569 contradicant,
2144 506 2344 560 refutet.
2399 505 2467 558 Hi
2492 520 2614 558 vero
2643 507 2712 558 ita
2737 516 2966 560 censent:

833 611 898 642 ne
934 591 1302 643 Demosthenes
1345 588 1406 640 ad
1449 588 1639 641 bellum
1682 599 1855 639 contra
1897 588 2191 658 Philippum
2231 590 2492 644 lacesseret
2531 591 2591 642 iis
2631 591 2964 659 patrocinans,

836 667 922 746 qui
951 689 1121 746 aperte
1147 695 1261 725 eum
1289 675 1576 725 infestarent
1603 676 1675 741 (p.
1698 674 1793 722 103
1811 672 1899 723 fin.
1929 673 1994 723 cf.
2016 673 2095 723 III
2114 673 2248 724 Phil.
2270 694 2324 743 p.
2344 678 2479 743 112).
2515 674 2810 745 Diopithem
2835 677 2968 725 enim

834 780 983 813 naves
1016 779 1207 832 rapere,
1254 764 1459 829 eiusque
1503 761 1832 808 mercenarios
1877 762 1927 807 in
1965 757 2301 827 Hellesponto
2344 764 2641 812 insanientes
2678 778 2969 829 summaque

835 846 1079 897 dementia
1115 844 1367 914 praeditos
1403 856 1583 894 terram
1618 854 1767 911 atque
1803 842 1989 912 oppida
2026 842 2242 912 diripere
2285 845 2366 912 (p.
2382 845 2467 893 9—2.
2496 848 2633 914 p.93
2658 847 2798 914 fin.);
2832 846 2970 895 -Dio-

830 929 1021 999 pithem
1056 932 1206 998 igitur
1240 932 1292 979 in
1327 931 1402 978 ius
1437 927 1720 979 vocandum
1758 946 1862 979 esse
1897 930 1977 998 (p.
1992 929 2077 978 90.
2106 946 2160 998 p.
2176 929 2243 978 94
2266 930 2337 978 in.
2365 929 2503 998 p.95
2524 929 2675 997 nm).
2697 931 2826 981 Vera
2848 930 2971 981 haec

830 1026 968 1066 sunt:
1020 1017 1204 1066 etenim
1240 1016 1426 1066 factum
1462 1025 1593 1077 erat,
1640 1026 1696 1065 ut
1729 1013 1994 1085 Philippus
2030 1014 2292 1084 epistolam
2326 1011 2548 1065 Athenas
2582 1016 2824 1077 mitteret,
2876 1034 2974 1085 qua

830 1102 1130 1163 minabatur,
1163 1103 1257 1152 nisi
1284 1103 1379 1170 ipsi
1405 1101 1733 1151 Athenienses
1757 1100 2055 1170 Diopithem
2084 1111 2134 1151 et
2161 1100 2372 1150 colonos
2399 1102 2452 1149 in
2482 1098 2799 1150 Chersoneso
2828 1094 2968 1150 coer-

830 1197 1027 1248 cerent,
1075 1188 1240 1255 ipsum
1283 1204 1335 1236 se
1372 1188 1434 1236 ab
1470 1189 1529 1236 iis
1563 1185 1831 1238 vindictam
1868 1196 2198 1255 sumpturum.
2254 1184 2415 1236 Multa
2453 1183 2516 1236 de
2552 1184 2627 1236 his
2664 1188 2717 1235 in
2753 1185 2971 1236 ecclesiis

830 1281 935 1321 acta
974 1281 1090 1321 sunt
1132 1273 1201 1336 (v.
1231 1272 1339 1325 init.
1370 1274 1542 1337 orat.).
1599 1268 1967 1321 Demosthenes
2011 1280 2183 1321 contra
2225 1272 2392 1332 suasit,
2441 1281 2498 1320 ut
2531 1272 2700 1339 potius
2736 1269 2973 1321 auxilium

831 1356 1019 1405 ferrent
1058 1355 1318 1425 Diopithi,
1367 1368 1425 1406 ut
1467 1356 1656 1425 legatos
1700 1358 1754 1405 in
1789 1354 2029 1406 Graeciae
2074 1357 2296 1406 civitates
2334 1354 2449 1422 (²⁴¹)
2493 1358 2745 1406 mitterent
2788 1354 2971 1405 auxilio

833 1440 1205 1502 convocandas3
1244 1453 1499 1509 praeterea
1534 1454 1590 1491 ut
1622 1443 1858 1509 punirent
1894 1459 1999 1501 eos,
2041 1442 2128 1508 qui
2162 1443 2214 1489 in
2248 1441 2398 1490 rebus
2432 1438 2830 1490 administrandis
2860 1459 2970 1489 cor-

831 1530 998 1594 rumpi
1034 1544 1086 1574 se
1118 1537 1425 1594 paterentur,
1468 1542 1655 1594 eosque
1683 1528 1985 1592 sempiterno
2015 1522 2135 1572 odio
2160 1534 2597 1591 persequerentur.
2648 1522 2840 1585 Tamen
2867 1542 2968 1572 ma-

829 1627 952 1678 gnus
987 1612 1257 1658 etiamtunc
1293 1620 1398 1658 erat
1434 1626 1668 1658 numerus
1703 1626 1895 1669 eorum,
1936 1610 2024 1676 qui
2055 1623 2163 1656 rem
2197 1609 2351 1676 pacis,
2391 1605 2610 1675 ideoque
2638 1623 2698 1656 ex
2727 1611 2969 1657 sententia

826 1693 1208 1756 Demosthenis,
1265 1692 1490 1763 Philippi
1537 1691 1888 1755 defenderent,
1941 1702 1998 1742 ut
2037 1689 2157 1742 dicit
2195 1709 2250 1762 p.
2272 1693 2366 1742 106
2399 1693 2491 1753 in.,
2543 1692 2633 1741 ubi
2672 1692 2971 1742 Aeschinem

830 1796 1034 1848 quoque
1071 1782 1235 1847 ipsum
1280 1777 1574 1828 adumbrare
1618 1778 1741 1827 mihi
1782 1776 1979 1829 videtur
2019 1779 2149 1826 inter
2190 1793 2295 1837 eos,
2343 1779 2430 1844 qui
2466 1794 2525 1827 ex
2558 1777 2861 1846 ignobilibus
2897 1781 2969 1828 vi·

830 1865 897 1912 ris
933 1862 1188 1912 clarissimi
1223 1862 1454 1930 famaque
1490 1864 1701 1929 insignes
1733 1860 1850 1910 inde
1885 1860 2001 1910 facti
2036 1870 2199 1914 essent
2224 1858 2360 1926 (²⁴²).
2416 1859 2524 1910 Nec
2559 1864 2718 1912 minus
2754 1874 2970 1913 extrema

830 2040 901 2078 hae
929 2036 1129 2077 Euboicae
1159 2050 1223 2076 res
1252 2035 1408 2076 nonnisi
1438 2035 1487 2075 ad
1517 2034 1619 2075 hunc
1648 2048 1788 2074 annum
1817 2033 2020 2089 Sosigenis
2049 2033 2261 2087 quadrant,
2289 2034 2380 2076 vide
2401 2035 2646 2078 Winiewski
2674 2037 2827 2091 p.182‚
2855 2054 2970 2091 quem

829 2103 987 2158 quidem
1015 2110 1173 2158 praeter
1201 2101 1304 2143 hunc
1334 2101 1451 2143 etiam
1480 2100 1777 2143 antecedentem
1806 2114 1948 2142 annum
1976 2100 2205 2155 permittere
2233 2099 2395 2143 nollem.
2438 2100 2617 2156 Namque
2636 2117 2718 2145 non
2738 2103 2969 2158 dereliquis-

827 2180 887 2213 set
919 2170 1038 2212 Dem.
1074 2169 1185 2224 loqui
1223 2168 1273 2210 dc
1309 2168 1368 2209 his
1407 2169 1528 2225 pactis
1564 2182 1603 2224 p.
1620 2167 1695 2210 94:
1734 2163 1781 2208 ἂν
1811 2165 2000 2208 ἀπελθὼν
2029 2167 2070 2208 ἐκ
2100 2162 2252 2225 Θρᾴκης
2278 2188 2333 2199 -
2359 2162 2419 2208 ἐπὶ
2446 2165 2626 2209 Χαλκίδα
2653 2164 2677 2219 ἢ
2705 2165 2870 2229 Μέγαρα
2898 2167 2967 2225 ἥκῃ

827 2238 891 2279 τὸν
920 2236 1035 2279 αὐτὸν
1063 2233 1198 2293 τρόπον
1228 2233 1336 2294 ὅνπερ
1365 2236 1430 2276 ἐπ’
1453 2235 1580 2294 Ὠρεὸν
1607 2232 1760 2294 πρῴην.
1776 2265 1786 2275 .
1802 2266 1828 2288 .,
1856 2237 1937 2277 sive
1965 2236 2224 2278 Athenienses
2251 2237 2490 2292 vituperans,
2519 2238 2627 2292 quod
2657 2239 2861 2279 commoda
2892 2240 2967 2280 ob-

830 2308 904 2347 lata
932 2307 1129 2360 persecuti
1158 2319 1240 2345 non
1270 2313 1412 2355 essent,
1448 2306 1528 2362 siv-e
1560 2305 1786 2355 cohortans,
1813 2312 1857 2343 ut
1883 2318 1983 2343 nunc
2012 2305 2060 2343 iis
2090 2317 2254 2358 operam
2284 2305 2433 2344 darent.
2476 2304 2533 2344 At
2560 2314 2649 2346 toto
2677 2314 2858 2360 tempore
2887 2321 2967 2360 quo

829 2388 897 2415 rex
926 2375 967 2414 in
994 2372 1165 2413 Thracia
1194 2381 1310 2423 esset,
1338 2372 1436 2412 nihil
1465 2373 1505 2412 in
1533 2371 1696 2412 Euboea
1724 2371 1773 2411 ab
1800 2369 2102 2412 Atheniensibus
2131 2379 2283 2427 gestum
2312 2386 2410 2423 esse,
2438 2372 2507 2414 sed
2537 2382 2675 2414 contra
2702 2387 2776 2414 nec
2806 2382 2967 2415 conatos

829 2456 897 2485 eos
927 2455 1010 2483 esse
1039 2439 1255 2496 impedire,
1292 2454 1342 2482 ne
1372 2438 1575 2495 Philippus
1604 2438 1852 2482 Philistidem
1881 2437 1999 2491 Orei,
2037 2436 2280 2481 Clitarchum
2306 2438 2485 2483 Eretriae
2523 2432 2740 2483 collocaret
2767 2448 2969 2497 tyrannos,

832 2510 872 2549 in
902 2509 983 2562 ipsa
1013 2517 1110 2550 orat.
1141 2509 1190 2549 de
1212 2506 1408 2549 Cherson.
1433 2507 1641 2548 admodum
1671 2506 1795 2548 dolet.
1839 2507 1947 2563 Ergo
1976 2521 2057 2547 non
2086 2507 2127 2547 in
2155 2521 2227 2548 ver
2254 2507 2344 2547 anni
2362 2507 2442 2548 341
2465 2508 2735 2563 promovenda
2754 2522 2837 2565 esse
2856 2509 2969 2550 vide-

827 2586 894 2618 tur
924 2575 1064 2618 oratio.
1102 2574 1346 2618 Winiewski
1376 2589 1415 2630 p.
1429 2573 1511 2616 177
1526 2588 1611 2630 sqq.
1642 2574 1683 2616 in
1711 2573 1789 2616 fine
1819 2573 2011 2615 auctumni
2043 2587 2075 2615 a.
2091 2572 2174 2616 342
2203 2574 2346 2630 posuit.
2388 2574 2483 2618 Non
2511 2574 2638 2618 habeo
2658 2575 2840 2630 equidem
2860 2576 2968 2630 quod

830 2643 1109 2687 contradicam.

885 2722 983 2777 (²⁴⁰)
1026 2739 1065 2778 p.
1075 2723 1129 2764 95
1148 2724 1221 2764 in.:
1249 2720 1440 2772 Βούλομαι
1468 2721 1588 2764 τοίνυν
1617 2724 1719 2772 ὑμᾶς
1746 2720 1844 2769 μετὰ
1872 2720 2081 2782 παρῥησιάς
2109 2719 2293 2779 ἐξετάσαι
2322 2721 2372 2765 τὰ
2400 2720 2569 2782 παρόντα
2585 2755 2595 2765 .
2611 2755 2621 2765 .
2637 2754 2648 2765 .
2679 2734 2719 2766 et
2741 2724 2837 2766 fine:
2865 2720 2965 2781 λε’ξω

829 2790 871 2833 δὲ
901 2790 998 2838 μετ-ἂ
1027 2786 1250 2849 παρῥησιάς.
1293 2806 1332 2845 p.
1349 2791 1421 2831 97:
1451 2813 1504 2822 —
1532 2788 1602 2832 καί
1625 2808 1684 2839 μοι
1713 2788 1807 2845 πρὸς
1833 2788 1961 2837 θεῶν,
1997 2786 2087 2831 ὅταν
2116 2786 2225 2831 ἕνεκα
2251 2794 2322 2832 τοῦ
2347 2787 2556 2836 ,Barla-rev
2585 2788 2710 2846 λέγω,
2744 2786 2842 2832 ἔστω
2871 2791 2965 2851 παῤ·

826 2858 939 2918 ῥησιά
968 2881 1023 2890 «-

885 2940 979 2992 (²⁴¹)
1022 2941 1151 2978 Etiam
1181 2940 1230 2978 ad
1259 2953 1394 2995 regem
1423 2941 1626 2979 Persarum
1656 2942 1807 2997 legatos
1836 2940 2046 2979 mittendos
2075 2953 2158 2979 esse
2188 2941 2352 2996 legimus
2380 2942 2422 2979 in
2450 2942 2512 2979 111
2532 2941 2703 2994 Philipp.
2724 2941 2868 2993 p.129.
2911 2942 2966 2981 At

829 3008 965 3048 absunt
992 3008 1087 3047 haec
1117 3007 1165 3046 ab
1194 3021 1311 3047 mscr.
1339 3007 1461 3046 Paris.
1481 3008 1530 3058 Σ,
1559 3008 1599 3046 in
1628 3022 1704 3061 qua
1731 3002 1973 3048 veteriorem
2001 3008 2188 3048 orationis
2217 3007 2331 3049 nobis
2359 3017 2549 3065 servatam
2579 3021 2664 3048 esse
2692 3008 2963 3048 recensionem

784 3116 788 3123 ,
830 3075 1066 3129 Spengelius
1095 3075 1138 3113 in
1168 3075 1500 3115 commentatione
1530 3075 1578 3114 de
1607 3075 1668 3113 111
1694 3075 1795 3115 Phil.
1824 3074 1934 3114 1839
1961 3074 2155 3128 probavit.

884 3151 979 3207 (²⁴²)
1024 3153 1049 3194 l.
1066 3153 1091 3194 l.
1121 3152 1214 3194 ἀλλ’
1230 3148 1448 3206 Ἀθήνῃσιν
1477 3153 1518 3194 οὐ
1547 3150 1654 3200 μόνον
1676 3150 1908 3206 Ἀμφίπολιν
1934 3149 1998 3194 καὶ
2026 3152 2092 3202 τὴν
2112 3151 2333 3210 Καρδιανῶν
2360 3148 2497 3210 χώραν
2516 3149 2814 3211 ἀπεστερηκότος
2833 3151 2964 3195 Φιλίπ-

828 3237 922 3268 που,
957 3218 1062 3261 ἀλλὰ
1090 3215 1155 3260 καὶ
1182 3250 1191 3259 .
1215 3251 1223 3260 .
1246 3252 1254 3260 .
1277 3251 1285 3260 .
1312 3215 1377 3261 καὶ
1413 3223 1477 3261 νῦν
1513 3217 1571 3261 ἐπὶ
1599 3216 1806 3271 Βυζάντιον
1834 3216 2029 3278 παριόντος
2056 3215 2238 3274 ἀσφαλές
2265 3220 2344 3260 ἔστι
2372 3215 2498 3273 λέγειν
2527 3214 2618 3279 ὑπὲρ
2646 3217 2846 3262 Φιλίππου.
2888 3236 2963 3260 τοι·
