3375 4043
1490 259 1565 318 57

470 407 580 440 sum
609 402 734 448 esse,
772 385 968 457 Illyrica
1003 388 1203 457 opinor,
1243 402 1393 454 quam
1427 386 1593 436 subito
1625 384 1787 437 media
1812 385 1918 437 fere
1945 396 2125 435 aestate
2151 389 2364 457 suscepit
2390 384 2596 458 expedi-

472 477 611 524 tione
646 470 938 540 impeditum
970 472 1110 538 (2¹⁷).
1166 469 1422 525 Venerunt
1459 471 1612 539 paulo
1646 484 1759 522 ante
1797 472 1928 521 hanc
1961 468 2181 519 Athenas
2215 470 2361 538 legati
2392 473 2466 522 illi
2501 472 2596 524 Pe-

470 557 757 626 loponnesii
796 556 1145 627 conquesturi,
1191 553 1518 605 Athenienses
1558 556 1720 607 studio
1754 554 2271 607 Lacedaemoniorum
2312 557 2430 623 ipsis
2472 557 2598 608 male

474 642 760 706 consulere3
797 655 906 694 tum
933 637 1303 691 Demosthenes
1336 639 1465 691 hanc
1500 644 1777 693 orationem
1808 641 2004 702 hahuit,
2045 657 2143 708 qua
2179 637 2241 689 ad
2276 656 2407 689 nova
2442 644 2598 689 consi-

472 727 538 777 lia
580 726 828 797 populum
870 726 1074 787 excitat;
1117 724 1362 794 simulque
1397 743 1483 777 eos
1517 738 1658 796 urget
1692 729 1780 795 qui
1813 742 1990 795 pacem
2024 723 2304 793 foedusque
2340 742 2453 775 cum
2488 740 2600 792 rege

472 811 660 863 factum
693 811 974 860 conservari
1007 808 1199 861 volunt.

1456 937 1505 1008 g.
1526 939 1606 988 14.

661 1024 834 1074 Annus
862 1023 943 1075 hic
968 1023 1162 1097 Lycisci
1192 1022 1278 1075 Ol.
1307 1025 1420 1075 109.
1441 1027 1464 1074 1
1497 1036 1548 1075 et
1574 1042 1785 1093 sequens
1811 1023 2085 1094 Pythodoti
2117 1026 2230 1076 109.
2254 1026 2286 1075 2
2315 1027 2471 1076 causis
2494 1035 2601 1075 tum

394 1142 396 1145 >
473 1108 683 1177 publicis
726 1119 833 1159 tum
874 1112 1074 1185 privatis
1116 1109 1365 1178 absumpti
1407 1119 1537 1158 sunt.
1605 1107 1775 1157 Altera
1814 1107 1899 1157 illa
1932 1109 2287 1158 Demosthenis
2319 1109 2601 1178 Philippica

527 1253 623 1309 (¹¹⁷)
665 1256 953 1299 Demosthenes
982 1257 1041 1312 (p.
1050 1254 1125 1309 ’71)
1163 1256 1321 1311 quidem
1349 1256 1652 1299 decemviratum
1680 1270 1702 1297 a
1730 1256 1917 1312 Philippo
1946 1256 1988 1296 in
2018 1255 2216 1297 Thessalia
2244 1257 2459 1297 institutum
2488 1257 2600 1308 dicit,

472 1336 638 1377 eumque
673 1323 879 1378 vectigalia
913 1324 1108 1365 Thessalis
1125 1324 1322 1366 demisse.
1374 1325 1542 1366 Voemel
1577 1325 1732 1381 proleg.
1768 1324 1818 1365 ad
1853 1324 1892 1364 h.
1915 1325 1942 1365 l.
1981 1324 2205 1377 (assentitur
2234 1325 2273 1366 ei
2299 1326 2434 1366 Ranke
2462 1340 2503 1380 p.
2512 1325 2601 1376 81.)

474 1389 696 1431 orationem
722 1389 821 1430 hanc
850 1389 903 1431 oh
932 1403 1084 1431 causam
1110 1400 1202 1446 post
1228 1399 1269 1432 et
1295 1392 1493 1447 Illyricam
1521 1401 1562 1434 et
1589 1392 1852 1437 Thessalicam
1885 1391 1992 1449 regis
2021 1392 2312 1446 expeditionem
2337 1392 2469 1448 ,niu
2494 1391 2601 1431 refu-

468 1464 557 1515 ,tans
571 1455 880 1497 Winiewskium
908 1464 998 1511 post
1016 1450 1214 1511 Illyricam
1241 1456 1413 1510 quidem,
1440 1472 1577 1498 verum
1604 1467 1693 1498 ante
1713 1457 1977 1499 Thessalicam
1996 1458 2259 1498 collocantem
2278 1456 2476 1511 (p.146.).
2504 1456 2603 1496 Exa-

475 1521 665 1562 minemus
694 1522 837 1578 igitur,
866 1537 947 1576 quo
974 1531 1156 1578 tempore
1184 1522 1295 1574 anni,
1324 1537 1441 1577 quem
1468 1517 1588 1564 tradit
1613 1522 1860 1578 Dionysius,
1876 1522 2032 1577 Lycisci
2052 1522 2194 1563 109.1.
2222 1522 2354 1564 hahita
2381 1523 2452 1574 sit,
2481 1536 2503 1563 a
2527 1537 2605 1576 quo

473 1601 574 1630 anno
609 1601 690 1629 non
727 1594 786 1630 est
821 1601 892 1630 cur
926 1587 1204 1631 discedendum
1239 1596 1431 1644 putemus.
1487 1589 1693 1633 Diodorus
1728 1589 1855 1643 (XVI.
1873 1589 1927 1631 69
1948 1589 2036 1643 fin.)
2071 1597 2201 1631 narrat
2236 1596 2277 1631 et
2312 1602 2415 1631 anno
2450 1589 2605 1645 Lycisci

473 1653 604 1710 (343)
632 1655 811 1711 assignat,
838 1654 1062 1710 Philippum
1089 1669 1244 1733 magno-
1261 1670 1350 1698 cum
1377 1656 1552 1698 exercitu
1578 1657 1753 1712 Illyriam
1780 1658 1997 1714 ingressum
2022 1665 2201 1709 vastasse,
2229 1657 2349 1697 multa
2369 1658 2514 1711 oppida
2535 1671 2602 1697 ce-

475 1722 592 1776 pisse,
619 1734 834 1778 magnaque
863 1722 1006 1777 praeda
1033 1721 1134 1763 sacta
1161 1723 1203 1763 iu
1221 1723 1491 1766 Macedoniam
1509 1736 1729 1779 regressum
1748 1736 1845 1763 esse.
1888 1728 1954 1761 Με
1936 1739 2019 1762 era
2049 1717 2098 1761 δὲ
2126 1726 2304 1769 ταῦτα,
2332 1724 2476 1779 pergit,
2506 1739 2603 1780 παρ-

476 1786 607 1827 ελθων
635 1779 1005 1835 εἷςι-ἦνθεπαλῖαν
1031 1805 1166 1828 natare
1167 1785 1375 1845 vervecinae
1397 1791 1603 1830 vein-mu
1585 1784 1767 1829 νὸπλεων
1787 1785 1967 1833 ἓκβαλων
1986 1786 2143 1830 ἰδιοτυς
2122 1806 2242 1831 τιαςε
2290 1786 2481 1831 οιαιςέποι
2483 1785 2602 1837 ἧσο-ατ

520 1871 565 1896 υς
593 1859 645 1894 ea
648 1861 786 1894 παλου
764 1850 821 1897 v'c.
877 1854 1065 1894 Arbitror
1098 1806 1395 1902 Demostheni,
1401 1851 1447 1893 'si
1475 1854 1552 1893 iam
1577 1861 1661 1893 tnm
1686 1855 1861 1907 Illy-riam
1888 1856 2044 1895 adortus
2073 1865 2176 1895 esset
2201 1855 2428 1907 Philippus,
2462 1856 2505 1895 id
2532 1852 2603 1896 ne-

479 1935 667 1975 quaquam
702 1919 1091 1976 praetermittendum
1126 1918 1264 1970 fuisse,
1302 1933 1391 1960 cum
1419 1919 1635 1973 potentiam
1662 1920 1746 1960 eius
1774 1920 2004 1974 gliscentem
2033 1920 2285 1975 depingeret3
2321 1920 2491 1973 ideoque
2520 1930 2606 1963 ante

397 1982 403 1986 ’
475 1989 573 2030 hanc
608 1987 807 2043 Illyricam
841 1986 1133 2042 expeditionem
1169 1986 1296 2028 oratio
1331 1985 1461 2026 hahita
1490 2000 1574 2027 esse
1602 1985 1698 2025 mihi
1727 1985 1902 2035 videtur,
1940 2000 2038 2041 ergo
2068 1987 2185 2027 etiam
2213 1994 2301 2027 ante
2330 1987 2458 2039 illam,
2495 2002 2607 2042 quam

477 2064 623 2111 narrat
642 2055 866 2106 Diodorus,
904 2053 1176 2096 Thessalicam.
1232 2053 1371 2107 Neque
1401 2052 1499 2094 hanc
1527 2065 1550 2094 a
1576 2051 1844 2094 Demosthene
1874 2052 1933 2107 (p.
1943 2050 2017 2105 71)
2054 2053 2306 2109 significatam
2336 2067 2419 2096 esse
2449 2069 2608 2107 censeo,

477 2124 548 2167 sed
576 2123 689 2166 aliam
717 2123 832 2178 paulo
860 2122 966 2177 prius
993 2129 1159 2178 gestam;
1196 2121 1260 2162 vel
1294 2129 1338 2162 ιιι
1372 2120 1521 2176 planius
1559 2120 1707 2172 dicam,
1742 2119 1856 2159 aliam
1892 2133 1975 2160 esse
2005 2120 2109 2160 illam
2139 2130 2230 2176 post
2256 2121 2415 2178 Illyrica
2444 2123 2607 2179 expedi-

474 2192 646 2241 tionem,
686 2203 846 2243 eamque
881 2202 994 2243 quam
1029 2195 1178 2243 spectat
1204 2187 1489 2229 Demosthenes
1525 2189 1566 2228 iu
1595 2195 1694 2228 orat.
1723 2187 1795 2226 III.
1824 2186 1998 2242 Philipp.
2028 2188 2175 2242 p.117‚
2205 2189 2318 2228 aliam
2347 2203 2446 2243 quae
2476 2198 2537 2231 est
2565 2192 2605 2230 in

479 2259 599 2299 altera
626 2257 847 2311 Philippica
874 2255 1109 2296 adumbrata.
1152 2255 1277 2305 ¹Illam
1304 2269 1445 2311 gerens
1472 2255 1674 2310 Philippus
1701 2254 1951 2295 tetrarchiam
1980 2255 2022 2294 in
2051 2255 2252 2297 Thessalia
2280 2257 2459 2307 institnit,
2494 2268 2604 2311 post-

477 2339 591 2379 quam
619 2338 720 2366 anno
749 2324 833 2365 fere
862 2332 950 2364 ante
979 2322 1282 2364 decemviratum
1310 2322 1540 2370 collocavit;
1568 2336 1732 2375 namque
1759 2330 1924 2373 constat,
1953 2321 2201 2363 multifariam
2230 2331 2312 2363 tum
2340 2323 2456 2365 rebus
2478 2324 2603 2366 Thes-

478 2391 605 2433 salicis
633 2405 675 2432 se
704 2389 953 2431 immiscuisse
982 2404 1136 2446 regem;
1166 2397 1207 2431 et
1234 2388 1433 2431 coniicere
1463 2389 1571 2439 licet,
1599 2399 1688 2430 eum
1715 2387 1830 2430 rebus
1858 2389 1994 2431 nescio
2024 2388 2162 2443 quibus
2192 2392 2367 2431 coactum
2390 2403 2473 2431 esse
2493 2390 2605 2432 brevi

479 2469 660 2515 tempore
688 2457 859 2499 instituta
886 2464 1049 2499 mutare.
1107 2455 1220 2507 Quae
1249 2470 1337 2498 cum
1364 2456 1419 2498 ita
1446 2463 1663 2506 statuamus,
1690 2454 1921 2497 vocabulum
1949 2456 2046 2497 illud
2074 2452 2286 2513 τετραρχία
2310 2469 2392 2497 non
2411 2457 2511 2499 adeo
2531 2471 2605 2500 nos

481 2525 650 2584 urgebit,
679 2524 785 2580 quod
814 2523 1065 2566 Schael'erum
1093 2524 1266 2578 aliosque
1294 2523 1406 2566 huius
1435 2523 1516 2566 loci
1540 2524 1771 2578 interpretes
1789 2523 1904 2565 valde
1923 2524 2114 2565 cruciasse
2133 2523 2265 2565 video.
2311 2523 2459 2575 Quae
2446 2539 2487 2565 ιιι
2507 2535 2606 2567 orat.

481 2597 528 2637 de
559 2594 727 2636 Halonn.
759 2608 797 2648 p.
809 2591 862 2634 84
881 2600 1133 2643 memoratur,
1162 2591 1298 2634 eadem
1315 2591 1504 2643 Diodori,
1533 2591 1744 2645 eademque
1762 2591 1902 2632 tertiae
1922 2591 2164 2646 Philippicae
2188 2605 2272 2632 esse
2293 2592 2462 2633 videtur.
2490 2607 2530 2648 p.
2542 2594 2607 2634 84:

479 2657 642 2719 Φεραίων
670 2654 734 2707 μὲν
762 2655 952 2717 ἀφῄρηται
981 2657 1047 2707 τὴν
1074 2654 1184 2700 πολιν
1210 2675 1275 2699 και
1303 2656 1474 2717 φρουρὰν
1498 2659 1536 2698 ἐν
1565 2662 1610 2711 τῇ·
1635 2653 1832 2717 ἀκροπόλει
1859 2653 2105 2705 κατέστησεν
2132 2653 2195 2698 ἵνα
2224 2656 2270 2705 δὴ
2295 2655 2412 2698 αὐτον
2414 2675 2494 2706 ομοι
2521 2655 2608 2700 ὦσιν

481 2728 683 2780 (ironice);
711 2742 749 2782 p.
758 2727 851 2768 113.
879 2721 945 2766 nai
972 2724 1043 2775 μὴν
1070 2742 1136 2768 και
1155 2724 1275 2783 Φερὰς
1302 2741 1470 2783 πρῳην..
1478 2741 1557 2768 αις
1576 2720 1781 2765 Θετταλίαν
1799 2720 1972 2764 ἔλθῶν’
1948 2740 2040 2778 εχει
2028 2721 2315 2768 ικατοιλαβων.
2344 2727 2424 2767 vid.
2440 2728 2607 2768 Weiske

484 2797 558 2837 ΠΙ.
587 2796 701 2851 p.38.
738 2816 790 2824 —
826 2794 1042 2834 Statuamus
1070 2793 1190 2850 igitur
1217 2794 1294 2833 sic:
1329 2791 1472 2833 Eubuli
1501 2807 1615 2842 anno,
1649 2806 1755 2831 nesci
1744 2791 1782 2831 ὀ
1812 2792 1892 2846 quo
1921 2792 2012 2831 anni
2039 2801 2244 2847 tempore,
2279 2808 2349 2833 rex
2376 2794 2540 2834 instituit
2567 2795 2605 2833 in

484 2863 688 2906 Thessalia
714 2860 1021 2909 decadarchiam;
1058 2874 1162 2902 anno
1191 2860 1268 2902 hoc
1298 2869 1461 2902 exeunte
1490 2861 1571 2901 sive
1598 2873 1690 2899 vere
1719 2873 1753 2898 a.
1768 2859 1852 2899 344
1880 2859 2186 2900 machinationes
2214 2860 2387 2914 Philippi
2415 2862 2457 2900 in
2484 2862 2603 2901 Pelo-

483 2944 682 2983 ponneso:
720 2944 768 2970 eo
797 2929 1058 2969 mercenarios
1082 2928 1218 2968 mittit.
1275 2928 1463 2980 Sequitur
1490 2942 1607 2967 annus
1633 2927 1788 2979 Lycisci
1818 2926 1885 2966 Ol.
1902 2928 2048 2967 1094:
2077 2928 2213 2979 primis
2241 2928 2447 2976 mensibus,
2474 2930 2605 2967 malim

482 2995 571 3050 ipso
608 2995 736 3052 primo
749 3028 761 3047 ‚
796 2992 1070 3050 Demosthenis
1098 2993 1220 3038 altera
1246 2992 1433 3050 Philipp„
1469 2993 1582 3050 paulo
1610 2999 1700 3048 post
1726 2992 1927 3047 expeditio
1955 2992 2115 3049 Illyrica
2150 2994 2279 3047 (certo
2307 2991 2509 3048 Philippus
2538 3006 2602 3035 rc-

485 3075 576 3105 cens
613 3062 717 3107 inter
751 3060 1054 3118 Amphictyonas
1089 3067 1268 3116 receptus
1303 3067 1396 3116 post
1429 3061 1542 3104 ludos
1571 3060 1799 3116 olympicos
1835 3060 1992 3102 demum
2021 3060 2238 3102 celebratos
2267 3059 2413 3100 bellum
2442 3060 2604 3113 intulit),

485 3140 599 3182 quam
627 3129 790 3173 fortasse
818 3128 888 3172 suh
915 3128 1052 3171 hiemis
1080 3127 1232 3169 initium
1260 3127 1310 3180 (s.
1325 3126 1390 3168 fin.
1420 3140 1456 3169 a.
1469 3128 1571 3181 344)
1598 3127 1731 3167 finivit.
1788 3126 1948 3168 Deinde
1976 3128 2100 3167 altero
2129 3127 2220 3166 anni
2247 3127 2435 3177 dimidio,
2470 3128 2603 3181 priore

487 3209 519 3237 a.
535 3185 617 3237 343
646 3196 888 3239 Thessalicas
916 3209 979 3238 res
1008 3195 1223 3251 componit,
1249 3202 1434 3250 tyrannos
1464 3195 1634 3250 expellit,
1660 3193 1909 3234 tetrarchiam
1939 3195 2116 3244 institnit,
2144 3202 2349 3249 postquam
2374 3208 2461 3234 cum
2479 3193 2603 3233 Athe-

488 3263 682 3305 niensibus
711 3264 786 3304 iam
816 3264 864 3304 de
893 3277 989 3318 pace
1019 3263 1251 3319 corrigenda
1279 3262 1341 3318 agi
1371 3271 1554 3318 coeptum
1583 3270 1650 3303 est.

2179 3332 2227 3379 H
