3375 4043
455 761 685 876 Cicero
712 820 776 873 de
805 833 912 891 opt.
936 839 1046 893 gen⁴
1070 836 1194 875 orat.
1217 827 1383 876 initio:
1418 824 1694 895 „Optimus
1722 836 1795 876 est
1819 833 2008 886 orator,
2035 826 2216 892 inquit,
2248 826 2336 893 qui
2360 824 2572 874 dicendo

455 907 643 956 animos
677 905 979 958 audientium
1013 921 1066 959 et
1098 907 1253 960 docet
1281 919 1331 959 et
1359 907 1573 959 delectat
1597 919 1648 958 et
1672 919 1948 977 permovet.
1996 908 2198 960 Docere
2225 907 2450 960 debitum
2479 920 2569 969 est,

453 988 696 1042 delectare
731 992 1082 1054 honorarium,
1108 1007 1399 1061 permovere
1425 990 1807 1041 necessarium”.
1859 991 2012 1055 Quod
2039 995 2082 1043 si
2106 994 2255 1060 igitur
2278 1010 2573 1062 permovere

453 1078 778 1126 necessarium
813 1088 910 1137 est,
959 1078 1147 1130 oratori
1180 1074 1377 1136 licebit,
1420 1076 1572 1123 immo
1606 1077 1775 1143 potius
1810 1092 1936 1143 opus
1971 1078 2064 1125 erit
2098 1092 2301 1144 operam
2336 1076 2478 1138 dare,
2516 1089 2574 1127 ut

451 1161 668 1210 inveniat
715 1171 765 1209 et
812 1162 1037 1229 exquirat
1179 1175 1407 1227 ecunque
1452 1156 1516 1208 ad
1556 1156 1922 1228 permovendos
1962 1176 2065 1227 quo
2109 1159 2228 1210 velit
2270 1160 2572 1211 audientium

452 1246 640 1294 animos
680 1243 917 1313 prodesse
958 1177 1178 1314 pos?
1229 1244 1424 1312 Itaque,
1469 1245 1705 1312 quoniam
1737 1257 1817 1294 res
1849 1242 2092 1294 humanae
2133 1247 2186 1294 in
2225 1248 2367 1314 peius
2399 1257 2567 1307 ruunt,

449 1345 515 1378 ne
543 1330 801 1390 miremur,
850 1339 1084 1379 oratores.
1109 1330 1398 1398 praesertim
1436 1327 1535 1378 illis
1570 1329 1898 1399 temporibus,
1946 1329 2127 1397 quibus
2161 1331 2380 1380 civitates
2416 1329 2570 1379 Grae·

450 1416 553 1464 ciae
588 1413 651 1464 ad
684 1431 835 1464 unam
870 1430 1043 1465 omnes
1077 1415 1402 1483 perversitate
1429 1430 1626 1463 morum
1659 1424 1710 1465 et
1733 1416 1900 1464 rerum
1927 1413 2169 1482 reliquam
2196 1413 2436 1464 libertatis
2466 1433 2570 1463 um-

447 1498 588 1549 bram
616 1496 929 1550 dimittebant
953 1497 1390 1568 Macedonumque
1422 1499 1701 1567 auctoritati
1736 1499 1982 1550 ohnoxiae
2016 1514 2122 1548 esse
2156 1502 2461 1568 inceperant,
2495 1510 2572 1549 tot

449 1580 662 1632 artificiis
705 1598 761 1631 ac
801 1580 1007 1631 fallaciis
1040 1585 1281 1650 consequi
1306 1580 1556 1633 studuisse
1569 1620 1583 1644 ,
1632 1581 1772 1651 quod
1789 1585 2087 1634 'inconstans
2120 1582 2570 1653 blanditiarumque

451 1676 688 1735 appetens
724 1682 871 1734 quem
904 1663 1154 1730 ducebant
1183 1664 1400 1734 populus
1434 1675 1491 1715 ut
1522 1665 1725 1727 faceret,
1773 1668 1874 1717 sive
1904 1668 2127 1735 ipsorum
2163 1667 2434 1717 commodo
2468 1671 2568 1718 sive

447 1753 635 1820 patriae
662 1749 816 1800 salute
842 1751 1030 1800 incensi
1055 1747 1316 1798 volebant:
1354 1758 1526 1797 eontra
1551 1749 1635 1797 vel
1659 1753 1857 1798 maximi
1883 1754 2094 1800 oratoris
2121 1763 2214 1810 est,
2246 1756 2410 1801 omnia
2440 1770 2565 1820 quae

449 1835 659 1886 consilio
694 1851 785 1885 suo
820 1836 1000 1884 servire
1033 1834 1227 1902 possint
1259 1843 1559 1900 argumenta,
1597 1842 1746 1900 atque
1781 1830 1915 1882 haud
1945 1850 2058 1882 raro
2086 1832 2417 1897 callidissime,
2456 1854 2569 1886 suae

446 1922 626 1972 rationi
657 1917 996 1987 adstringere.⁴
1031 1916 1191 1987 quue
1226 1919 1389 1986 ipsum
1422 1927 1496 1967 est
1529 1935 1619 1966 cur
1652 1915 1925 1967 cavendum
1960 1920 2040 1979 sit,
2077 1936 2143 1968 ne
2176 1930 2429 1969 oratorum
2459 1938 2567 1972 ver·

446 2006 525 2055 bis
566 2017 616 2055 et
658 2005 953 2073 argumentis
993 2014 1179 2053 temere
1218 2000 1369 2052 fidem
1403 2001 1687 2051 habeamuS.
1745 1999 2061 2070 Quamquam
2095 2015 2211 2053 sunt
2247 2004 2450 2073 quidem
2482 2006 2567 2055 ad·

446 2089 546 2140 buc
581 2090 668 2158 qui
700 2089 850 2139 verba
874 2086 1226 2137 Demosthenis
1259 2096 1316 2135 ut
1351 2087 1615 2145 iustissimi,
1654 2084 2006 2147 honestissimi,
2045 2088 2107 2135 ab
2137 2091 2274 2137 omni
2300 2089 2569 2158 cupiditate

446 2174 775 2233 remotissimi,
814 2172 1109 2222 veracissimi
1143 2172 1410 2239 accipiant3
1449 2186 1575 2238 quae
1604 2185 1734 2220 vero,
1757 2171 1820 2221 ab
1855 2170 1962 2221 aliis
1997 2173 2098 2222 sive
2128 2170 2190 2222 de
2218 2174 2440 2224 moribus
2468 2178 2568 2227 sive

448 2256 511 2307 de
545 2259 736 2307 ratione
772 2256 1017 2306 civitatem
1048 2252 1252 2323 regendi
1283 2265 1455 2305 contra
1478 2252 1870 2334 Demosthenem
1903 2253 2034 2306 dicta
2069 2267 2118 2306 et
2153 2255 2399 2326 disputata
2433 2271 2564 2320 sunt,

447 2341 571 2390 haec
606 2351 661 2390 ut
695 2338 948 2389 falsissima
985 2356 1045 2388 ex
1087 2338 1387 2389 nefariorum
1422 2335 1809 2388 adversariorum
1851 2337 2031 2390 invidia
2068 2350 2216 2409 atque
2250 2343 2567 2410 improbitate

446 2429 500 2475 in
532 2443 645 2476 eum
679 2423 890 2475 conflata
922 2425 1152 2493 protinus
1182 2421 1402 2474 iudicent
1427 2423 1525 2488 (¹).
1583 2419 1701 2484 Quo
1733 2421 1919 2475 factum
1951 2435 2028 2475 est
2062 2435 2116 2474 ut
2148 2422 2332 2475 iudicio
2358 2425 2565 2477 Aeschi-

447 2514 521 2562 nis
565 2509 815 2569 offecerit‚
861 2506 1192 2560 adversarium
1234 2526 1347 2559 eum
1388 2509 1596 2559 maximo
1641 2510 1842 2576 oratorij
1866 2507 2039 2571 fuine3
2087 2510 2154 2558 ita
2197 2519 2256 2559 ut
2292 2508 2567 2562 Aeschines

446 2597 645 2658 nonnisi
694 2595 1007 2665 pravissimus
1057 2592 1212 2645 homo
1265 2604 1414 2663 atque
1465 2594 1773 2663 impiissimus
1799 2594 2009 2663 patriae
2060 2591 2294 2663 proditor
2337 2612 2365 2644 a
2410 2596 2564 2665 pluri-

446 2683 539 2731 mis
583 2682 883 2732 existimetur
921 2679 1020 2744 (²).
1075 2677 1197 2730 Non
1240 2677 1441 2748 quidem
1483 2681 1523 2729 is
1565 2696 1669 2728 sum
1694 2679 1792 2747 qui
1829 2676 2176 2741 contendam,‘
2208 2692 2458 2731 oratorem
2494 2685 2564 2732 vi·

445 2783 560 2830 rum·
606 2767 796 2815 bonum
849 2780 954 2813 esse
991 2774 1233 2832 ‚oportere
1248 2802 1262 2825 ‚
1318 2781 1411 2814 nec
1461 2763 1674 2813 futurum
1728 2772 1979 2813 oratorem
2030 2766 2125 2813 nisi
2169 2766 2332 2815 virum
2374 2767 2563 2816 bonum

501 2920 569 2974 (¹)
611 2920 661 2961 A.
681 2919 734 2961 G.
759 2920 909 2962 Becker
944 2919 985 2959 in
1020 2919 1178 2962 litterat-
1206 2918 1412 2961 Demosth.
1440 2918 1563 2959 ubivis
1589 2916 1897 2959 Demosthenem
1924 2927 2119 2973 tamquam
2147 2919 2309 2960 heroem
2337 2934 2563 2974 proponere

447 2988 560 3030 nimis
587 2987 727 3030 studet.
1116 3020 1123 3025 ,

500 3063 568 3120 (²)
609 3065 804 3124 Augei-ius
832 3065 874 3108 in
901 3079 1001 3109 vers.
1028 3065 1233 3109 Demosth.
1262 3064 1495 3108 Aeschinem
1523 3064 1615 3106 dicit
1642 3064 1678 3105 la
1706 3072 1886 3107 creature
1915 3065 1965 3108 de
1994 3065 2175 3121 philippe
2205 3065 2255 3106 T.
2270 3065 2322 3106 Π.
2343 3080 2382 3121 p.
2394 3065 2460 3109 94.
2490 3067 2558 3107 cfr.

446 3132 616 3176 Weiske
652 3135 703 3177 de
739 3133 957 3190 hyperbole
994 3147 1173 3177 errorum
1210 3134 1251 3175 in
1285 3132 1446 3176 historia
1479 3131 1647 3187 Philippi
1685 3133 1982 3176 commissorum
2016 3133 2230 3190 genitrice,
2266 3134 2413 3175 Misnae
2440 3134 2558 3175 1819.

446 3200 490 3240 P.
505 3199 536 3239 1.
556 3213 595 3240 n.
605 3199 671 3240 74.

2139 3272 2185 3319 A
