3375 4043
1856 209 1933 269 52

826 352 1055 408 quaeque
1090 338 1396 410 postularet,
1442 349 1499 392 ut
1530 338 1812 392 Phocenses
1839 339 2090 411 templum
2129 342 2188 391 inf
2216 354 2388 391 manus
2420 337 2844 413 Amphictyonum
2879 354 2959 392 re·

823 424 1086 476 stituerent
1117 425 1259 492 (²⁰⁰).
1316 424 1479 476 Electi
1510 433 1622 475 sunt
1646 421 1938 488 Aeschines,
1968 424 2350 489 Demosthenes,
2384 422 2684 495 Stephanus,
2712 425 2960 497 Dercylus

822 508 1098 580 pluresque
1138 510 1412 579 legatorum
1452 507 1605 559 modo
1645 523 2000 576 regressorum.
2054 510 2422 581 Demosthenes
2456 515 2619 562 autem
2652 512 2705 561 in
2739 513 2848 579 ipsa
2880 529 2962 563 ec-

826 594 977 647 clesia
1010 595 1150 647 illico
1184 591 1503 646 iureiurando
1536 610 1714 645 munus
1747 591 1898 664 legati
1930 597 2174 649 recusavit
2184 615 2206 660 ς.
2237 597 2536 668 suspiciebat
2569 597 2702 648 enim
2729 596 2828 646 iam
2854 606 2963 646 tum

824 678 1136 752 Philippum.
1191 679 1463 731 Aeschines
1494 676 1777 732 valetudine
1810 678 2044 731 laborans
2077 680 2177 750 per'
2205 685 2565 734 sacramentum
2596 682 2822 734 Execesti
2845 698 2962 732 me-

828 766 927 818 dici
953 766 1121 818 datum
1147 766 1277 837 apud
1308 776 1530 817 senatum
1563 765 1810 835 legatione
1834 764 2092 839 liberatur,
2119 765 2405 835 pollicitus,
2444 785 2499 819 se
2525 768 2640 821 cum
2664 778 2832 839 posset
2858 767 2961 817 ahi-

826 863 992 902 turum
1029 868 1152 901 esse.
1217 850 1385 901 Ceteri
1419 849 1568 919 legati
1601 866 1719 901 mox
1753 851 2000 901 abierunt.
2064 848 2168 914 Qui
2183 885 2187 891 ·
2201 852 2360 920 quum
2396 850 2695 904 Chalcidem
2725 853 2964 904 Euboeae

825 935 1159 998 advenissent,
1210 933 1389 986 auditis
1433 937 1560 1005 regis
1605 954 1720 987 cum
1759 934 2008 987 Phalaeco
2051 934 2212 1007 pactis
2249 937 2593 1007 exercitusque
2630 935 2967 1002 Phocensium

822 1020 1037 1082 recessu,
1080 1020 1332 1091 extemplo
1361 1020 1583 1071 Athenas
1619 1021 1931 1072 festinarunt.
1977 1021 2224 1093 Dercylus
2257 1021 2524 1092 populum,
2565 1024 2653 1092 qui
2672 1024 2733 1071 in
2756 1020 2964 1072 Piraeeo

825 1105 887 1157 de
931 1107 1081 1158 rebus
1123 1107 1381 1159 navalibus
1427 1118 1625 1159 acturus
1666 1118 1984 1170 convenerat,
2030 1110 2295 1160 certiorem
2331 1107 2468 1170 facit,
2513 1123 2593 1159 res
2628 1077 2965 1159 ssocensium

822 1207 1026 1260 prorsus
1062 1201 1334 1260 prostratas
1370 1210 1475 1243 esse
1511 1194 1577 1245 27
1601 1190 1835 1261 Sciroph.
1865 1191 2152 1258 (Demosth.
2178 1211 2227 1242 π.
2244 1210 2445 1266 rapere.
2467 1193 2642 1262 p.360
2661 1193 2780 1260 in.).
2831 1191 2967 1243 Tum

822 1275 1151 1327 Athenienses
1182 1287 1376 1327 terrore
1409 1279 1607 1328 attoniti
1635 1275 1943 1328 Callisthene
1975 1288 2181 1347 rogante
2208 1276 2462 1328 decretum
2479 1277 2735 1338 ¹fecerunt,
2773 1287 2830 1327 ut
2856 1294 2964 1326 mu-

825 1359 973 1411 lieres
1012 1359 1263 1430 liberique
1306 1378 1366 1412 ex
1408 1364 1533 1431 agris
1573 1363 1627 1412 in
1667 1361 1847 1412 urbem
1886 1361 2358 1432 transportat-entur,
2402 1360 2647 1413 Piraeeus⁴
2663 1362 2961 1423 muniretur,

827 1463 962 1495 sacra
996 1445 1238 1497 solemnia
1265 1445 1512 1508 Herculis,
1553 1457 1681 1515 quae
1716 1448 1770 1496 in
1803 1445 1897 1496 hos
1932 1445 2037 1497 dies
2073 1457 2319 1497 extremos
2346 1445 2752 1515 Scirophorionis
2777 1444 2965 1496 incide·

824 1532 949 1581 hant
976 1532 1117 1596 (2⁰¹),
1157 1533 1284 1581 intra
1321 1533 1497 1581 urbem
1533 1530 1918 1585 celebrarentur.
1968 1527 2203 1579 Attamen
2230 1528 2434 1578 decreto
2459 1528 2816 1597 populielegati
2842 1544 2964 1578 eon-

824 1615 987 1665 festim
1023 1616 1269 1676 abierunt,
1309 1626 1365 1664 ut
1398 1616 1676 1665 actionibus
1704 1612 2151 1684 Amphictyonum,
2191 1612 2374 1682 quihus
2407 1629 2487 1663 res
2513 1611 2849 1664 Phocensium
2874 1611 2962 1664 de·

823 1699 1099 1749 cernendae
1140 1698 1350 1749 traditae
1394 1711 1551 1762 erant,
1600 1698 1845 1750 adessent.
1913 1699 2060 1749 Tunc
2102 1697 2374 1748 Aeschines
2411 1697 2697 1748 valetudine
2741 1710 2960 1769 recepta,

823 1784 977 1851 idque
1014 1801 1104 1833 suo
1140 1787 1248 1833 iure
1280 1784 1564 1849 legationis,
1600 1783 1790 1848 legatus
1825 1781 1888 1831 ad
1916 1781 2343 1848 Amphictyonum
2377 1793 2676 1833 conventum
2709 1783 2964 1851 profectus

828 1879 903 1919 est
937 1869 1078 1933 (²⁰2).
1135 1866 1353 1918 Advenit
1387 1868 1535 1935 igitur
1567 1865 1692 1917 haec
1725 1866 1908 1935 legatio
1944 1863 2005 1914 ad
2039 1863 2330 1935 Philippum
2364 1866 2962 1935 primis'Hecatombaeo-

828 1955 903 2005 nis
933 1952 1107 2004 diebus
1136 1950 1221 2003 Ol.
1243 1951 1357 2000 108.
1375 1951 1407 1999 3
1435 1952 1537 1999 sive
1565 1951 1753 1998 circum
1784 1947 2030 1999 Calendas
2056 1948 2209 1998 Iulias
2235 1964 2281 1999 a.
2305 1950 2426 2015 346,
2464 1959 2729 2020 antequam
2753 1952 2964 2021 Amphi·

828 2049 1048 2107 ctyones,
1087 2051 1215 2104 quos
1251 2043 1386 2085 extra
1421 2031 1649 2083 ordinem
1685 2041 2046 2084 convocaverat
2077 2048 2164 2084 rex
2201 2031 2265 2084 de
2298 2033 2449 2084 rebus
2474 2031 2809 2087 Phocensium
2836 2036 2963 2089 iudi.-

826 2134 1038 2183 caturos,
1079 2119 1325 2181 Thessali,
1365 2118 1614 2180 Thebani,
1665 2115 1843 2170 Oetaei
1878 2116 2063 2187 aliique
2097 2116 2278 2188 populi
2313 2120 2746 2188 septentrionales,
2791 2119 2963 2172 decre-

826 2221 932 2258 tum
967 2207 1211 2255 fecerunt.
1276 2204 1432 2253 Erant
1466 2215 1629 2253 autem
1665 2201 1719 2251 hi
1757 2219 1931 2252 omnes
1973 2204 2026 2252 in
2060 2201 2344 2253 Phocenses
2379 2204 2642 2253 iratissimi.
2707 2202 2816 2254 Rex
2850 2223 2965 2254 cum

826 2296 888 2344 ab
922 2293 1310 2343 Atheniensibus
1346 2289 1634 2341 destitutum
1668 2307 1721 2339 se
1751 2287 1970 2351 vidisset,
2009 2292 2192 2340 invitus
2220 2288 2440 2360 quidem,
2479 2301 2645 2340 tamen
2674 2294 2963 2341 necessitate

826 2389 1051 2448 cogente,
1090 2377 1382 2439 Thebanos,
1424 2379 1510 2445 qui
1546 2374 1663 2426 dato
1698 2377 2011 2425 mercenariis
2036 2374 2269 2426 Phalaeci
2296 2375 2459 2426 libero
2488 2392 2685 2427 recessu
2711 2379 2965 2447 perterriti

824 2465 1055 2533 precibus
1093 2480 1208 2514 eum
1250 2461 1544 2530 fatigabant,
1587 2460 1682 2511 sibi
1722 2457 1969 2522 adiunxit3
2016 2476 2110 2511 nec
2150 2457 2446 2511 crediderim
2480 2460 2741 2524 Aeschini,
2791 2463 2961 2512 etiam-

883 2599 981 2655 (200)
1022 2601 1100 2643 vid.
1121 2600 1317 2656 Droysen.
1345 2600 1371 2643 1.
1388 2599 1414 2642 l.
1443 2598 1574 2656 pus
1604 2606 1645 2642 et
1672 2597 1820 2655 9451,
1847 2610 1929 2640 non
1957 2597 2163 2656 pylagoras
2192 2599 2353 2655 quidem
2380 2612 2517 2643 verum
2545 2600 2695 2658 legatos
2723 2599 2772 2642 ad
2791 2600 2960 2655 Amphi-

828 2679 990 2726 ctyonas
1018 2667 1155 2711 missos
1184 2681 1288 2721 esse,
1325 2675 1434 2711 recte
1463 2666 1679 2718 dicentem
1716 2664 1815 2709 falso
1844 2664 1978 2708 Ranke
2006 2664 2077 2709 l.l.-
2104 2680 2144 2723 p.
2162 2664 2231 2709 79.
2254 2698 2259 2704 .
2289 2665 2386 2710 Eam
2414 2665 2469 2711 ob
2497 2680 2649 2711 causan
2677 2672 2814 2723 postea
2843 2665 2962 2724 legati

824 2736 1161 2794 Amphictyonum
1179 2733 1350 2777 Athenas
1368 2743 1572 2787 venerint,
1600 2735 1666 2791 qui
1685 2740 1912 2792 poscerent,
1938 2739 1982 2775 ut
1999 2732 2258 2777 Athenienses
2283 2733 2485 2777 decretam
2503 2734 2852 2791 Amphictyonum,
2881 2747 2959 2789 quo

825 2807 929 2848 inter
958 2804 1056 2845 hanc
1086 2803 1315 2845 societatem
1342 2815 1411 2843 rex
1438 2811 1618 2860 receptus
1647 2810 1762 2857 esset,
1791 2813 1982 2843 consensu
2008 2815 2081 2843 mo
2109 2802 2427 2860 comprobarent.
2442 2823 2497 2836 -
2522 2803 2575 2844 cf.
2593 2803 2711 2843 Dens.
2730 2817 2773 2841 π.
2792 2817 2959 2862 παραπρ.

823 2891 861 2929 p.
871 2874 955 2915 378
976 2873 1080 2914 med.
1109 2871 1254 2912 Aesch.
1284 2887 1325 2909 π.
1353 2867 1494 2927 ’τρια-β.
1522 2886 1561 2925 p.
1571 2871 1713 2911 46.37.

881 2953 976 3006 (⁸⁰¹)
1021 2951 1182 2992 Corsini
1209 2951 1257 2991 F.
1276 2950 1359 2991 Att.
1387 2950 1476 2990 diss.
1494 2951 1603 2990 vm.
1628 2949 1729 3007 §17
1758 2964 1782 2991 e
1809 2950 1927 2989 Dem.
1955 2965 1997 2989 π.
2024 2951 2192 3009 πάρης.
2218 2950 2443 3007 p.379.28.
2473 2971 2528 2983 —-
2557 2958 2695 2992 eontra
2721 2950 2955 2991 memacte-

826 3022 940 3062 rione
977 3018 1215 3074 insequentis
1251 3018 1365 3069 anni,
1404 3032 1502 3075 ergo
1537 3017 1707 3074 quinque
1736 3018 1894 3060 demum
1921 3017 2113 3060 mensibus
2141 3027 2252 3075 post,
2290 3019 2488 3061 Heraclea
2514 3017 2710 3059 celebrata
2740 3030 2823 3058 esse
2850 3025 2960 3073 pum

824 3090 997 3130 Weiske
1028 3088 1053 3127 l.
1069 3088 1096 3127 l.
1123 3087 1197 3127 m.
1226 3087 1344 3141 p.20‚
1374 3100 1522 3137 errans,
1550 3088 1705 3142 opinor.
2623 3088 2625 3090 ’

880 3166 974 3220 (²⁰⁸)
1018 3167 1109 3207 vide
1144 3166 1239 3206 haec
1276 3180 1336 3220 ap.
1366 3167 1483 3207 Dem.
1520 3182 1559 3205 π.
1588 3183 1755 3225 naemu-9.
1785 3164 1929 3221 p.368.
1958 3155 2087 3220 p.380
2105 3180 2163 3219 sq.
2206 3164 2349 3206 Resch.
2379 3181 2421 3204 π.
2449 3160 2593 3223 τρια-β.
2623 3164 2811 3220 p.40.30.
2869 3166 2953 3205 De-

824 3236 949 3277 fendit
976 3234 1213 3277 Aeschinem
1241 3248 1313 3276 suo
1343 3234 1428 3276 iure
1458 3234 1575 3290 legati
1602 3248 1765 3276 munere
1795 3233 1965 3274 stinctum
1995 3234 2167 3275 Weiske
2196 3232 2221 3274 l.
2239 3233 2264 3273 Ι.
2294 3233 2346 3273 11.
2376 3233 2490 3287 p.13.
